%YAML 1.1
%TAG !u! tag:unity3d.com,2011:
--- !u!29 &1
OcclusionCullingSettings:
  m_ObjectHideFlags: 0
  serializedVersion: 2
  m_OcclusionBakeSettings:
    smallestOccluder: 5
    smallestHole: 0.25
    backfaceThreshold: 100
  m_SceneGUID: 00000000000000000000000000000000
  m_OcclusionCullingData: {fileID: 0}
--- !u!104 &2
RenderSettings:
  m_ObjectHideFlags: 0
  serializedVersion: 7
  m_Fog: 0
  m_FogColor: {r: 0.5, g: 0.5, b: 0.5, a: 1}
  m_FogMode: 3
  m_FogDensity: 0.01
  m_LinearFogStart: 0
  m_LinearFogEnd: 300
  m_AmbientSkyColor: {r: 0.212, g: 0.227, b: 0.259, a: 1}
  m_AmbientEquatorColor: {r: 0.114, g: 0.125, b: 0.133, a: 1}
  m_AmbientGroundColor: {r: 0.047, g: 0.043, b: 0.035, a: 1}
  m_AmbientIntensity: 1
  m_AmbientMode: 3
  m_SkyboxMaterial: {fileID: 0}
  m_HaloStrength: 0.5
  m_FlareStrength: 1
  m_FlareFadeSpeed: 3
  m_HaloTexture: {fileID: 0}
  m_SpotCookie: {fileID: 10001, guid: 0000000000000000e000000000000000, type: 0}
  m_DefaultReflectionMode: 0
  m_DefaultReflectionResolution: 128
  m_ReflectionBounces: 1
  m_ReflectionIntensity: 1
  m_CustomReflection: {fileID: 0}
  m_Sun: {fileID: 0}
  m_IndirectSpecularColor: {r: 0, g: 0, b: 0, a: 1}
--- !u!157 &3
LightmapSettings:
  m_ObjectHideFlags: 0
  serializedVersion: 7
  m_GIWorkflowMode: 1
  m_GISettings:
    serializedVersion: 2
    m_BounceScale: 1
    m_IndirectOutputScale: 1
    m_AlbedoBoost: 1
    m_TemporalCoherenceThreshold: 1
    m_EnvironmentLightingMode: 0
    m_EnableBakedLightmaps: 0
    m_EnableRealtimeLightmaps: 0
  m_LightmapEditorSettings:
    serializedVersion: 4
    m_Resolution: 2
    m_BakeResolution: 40
    m_TextureWidth: 1024
    m_TextureHeight: 1024
    m_AO: 0
    m_AOMaxDistance: 1
    m_CompAOExponent: 1
    m_CompAOExponentDirect: 0
    m_Padding: 2
    m_LightmapParameters: {fileID: 0}
    m_LightmapsBakeMode: 1
    m_TextureCompression: 1
    m_DirectLightInLightProbes: 1
    m_FinalGather: 0
    m_FinalGatherFiltering: 1
    m_FinalGatherRayCount: 256
    m_ReflectionCompression: 2
  m_LightingDataAsset: {fileID: 0}
  m_RuntimeCPUUsage: 25
--- !u!196 &4
NavMeshSettings:
  serializedVersion: 2
  m_ObjectHideFlags: 0
  m_BuildSettings:
    serializedVersion: 2
    agentTypeID: 0
    agentRadius: 0.5
    agentHeight: 2
    agentSlope: 45
    agentClimb: 0.4
    ledgeDropHeight: 0
    maxJumpAcrossDistance: 0
    minRegionArea: 2
    manualCellSize: 0
    cellSize: 0.16666667
    accuratePlacement: 0
  m_NavMeshData: {fileID: 0}
--- !u!1 &35074329
GameObject:
  m_ObjectHideFlags: 0
  m_PrefabParentObject: {fileID: 180152, guid: 8a005a9e0713f4cc1b5ad29fb07657d3, type: 2}
  m_PrefabInternal: {fileID: 0}
  serializedVersion: 5
  m_Component:
  - component: {fileID: 35074330}
  - component: {fileID: 35074333}
  - component: {fileID: 35074332}
  - component: {fileID: 35074331}
  m_Layer: 5
  m_Name: Continue
  m_TagString: Untagged
  m_Icon: {fileID: 0}
  m_NavMeshLayer: 0
  m_StaticEditorFlags: 0
  m_IsActive: 1
--- !u!224 &35074330
RectTransform:
  m_ObjectHideFlags: 0
  m_PrefabParentObject: {fileID: 22433354, guid: 8a005a9e0713f4cc1b5ad29fb07657d3,
    type: 2}
  m_PrefabInternal: {fileID: 0}
  m_GameObject: {fileID: 35074329}
  m_LocalRotation: {x: 0, y: 0, z: 0, w: 1}
  m_LocalPosition: {x: 0, y: 0, z: 0}
  m_LocalScale: {x: 1, y: 1, z: 1}
  m_Children:
  - {fileID: 897835492}
  m_Father: {fileID: 1710321490}
  m_RootOrder: 0
  m_LocalEulerAnglesHint: {x: 0, y: 0, z: 0}
  m_AnchorMin: {x: 1, y: 0}
  m_AnchorMax: {x: 1, y: 0}
  m_AnchoredPosition: {x: -38.900024, y: 38.074993}
  m_SizeDelta: {x: 77.900024, y: 77}
  m_Pivot: {x: 0.5, y: 0.5}
--- !u!114 &35074331
MonoBehaviour:
  m_ObjectHideFlags: 0
  m_PrefabParentObject: {fileID: 11419088, guid: 8a005a9e0713f4cc1b5ad29fb07657d3,
    type: 2}
  m_PrefabInternal: {fileID: 0}
  m_GameObject: {fileID: 35074329}
  m_Enabled: 1
  m_EditorHideFlags: 0
  m_Script: {fileID: 1392445389, guid: f5f67c52d1564df4a8936ccd202a3bd8, type: 3}
  m_Name: 
  m_EditorClassIdentifier: 
  m_Navigation:
    m_Mode: 3
    m_SelectOnUp: {fileID: 0}
    m_SelectOnDown: {fileID: 0}
    m_SelectOnLeft: {fileID: 0}
    m_SelectOnRight: {fileID: 0}
  m_Transition: 1
  m_Colors:
    m_NormalColor: {r: 1, g: 1, b: 1, a: 1}
    m_HighlightedColor: {r: 0.9607843, g: 0.9607843, b: 0.9607843, a: 1}
    m_PressedColor: {r: 0.78431374, g: 0.78431374, b: 0.78431374, a: 1}
    m_DisabledColor: {r: 0.78431374, g: 0.78431374, b: 0.78431374, a: 0.5019608}
    m_ColorMultiplier: 1
    m_FadeDuration: 0.1
  m_SpriteState:
    m_HighlightedSprite: {fileID: 0}
    m_PressedSprite: {fileID: 0}
    m_DisabledSprite: {fileID: 0}
  m_AnimationTriggers:
    m_NormalTrigger: Normal
    m_HighlightedTrigger: Highlighted
    m_PressedTrigger: Pressed
    m_DisabledTrigger: Disabled
  m_Interactable: 1
  m_TargetGraphic: {fileID: 35074332}
  m_OnClick:
    m_PersistentCalls:
      m_Calls:
      - m_Target: {fileID: 1050575313}
        m_MethodName: SetButtonClickedFlag
        m_Mode: 1
        m_Arguments:
          m_ObjectArgument: {fileID: 0}
          m_ObjectArgumentAssemblyTypeName: UnityEngine.Object, UnityEngine
          m_IntArgument: 0
          m_FloatArgument: 0
          m_StringArgument: 
          m_BoolArgument: 0
        m_CallState: 2
    m_TypeName: UnityEngine.UI.Button+ButtonClickedEvent, UnityEngine.UI, Version=1.0.0.0,
      Culture=neutral, PublicKeyToken=null
--- !u!114 &35074332
MonoBehaviour:
  m_ObjectHideFlags: 0
  m_PrefabParentObject: {fileID: 11493918, guid: 8a005a9e0713f4cc1b5ad29fb07657d3,
    type: 2}
  m_PrefabInternal: {fileID: 0}
  m_GameObject: {fileID: 35074329}
  m_Enabled: 1
  m_EditorHideFlags: 0
  m_Script: {fileID: -765806418, guid: f5f67c52d1564df4a8936ccd202a3bd8, type: 3}
  m_Name: 
  m_EditorClassIdentifier: 
  m_Material: {fileID: 0}
  m_Color: {r: 1, g: 1, b: 1, a: 1}
  m_RaycastTarget: 1
  m_OnCullStateChanged:
    m_PersistentCalls:
      m_Calls: []
    m_TypeName: UnityEngine.UI.MaskableGraphic+CullStateChangedEvent, UnityEngine.UI,
      Version=1.0.0.0, Culture=neutral, PublicKeyToken=null
  m_Sprite: {fileID: 21300000, guid: 226248ac6f184e448af731df91b91958, type: 3}
  m_Type: 0
  m_PreserveAspect: 0
  m_FillCenter: 1
  m_FillMethod: 4
  m_FillAmount: 1
  m_FillClockwise: 1
  m_FillOrigin: 0
--- !u!222 &35074333
CanvasRenderer:
  m_ObjectHideFlags: 0
  m_PrefabParentObject: {fileID: 22268826, guid: 8a005a9e0713f4cc1b5ad29fb07657d3,
    type: 2}
  m_PrefabInternal: {fileID: 0}
  m_GameObject: {fileID: 35074329}
--- !u!1 &42395593
GameObject:
  m_ObjectHideFlags: 0
  m_PrefabParentObject: {fileID: 142980, guid: 5e7fbc8d4eb714b279eeeef2262c1e1a, type: 2}
  m_PrefabInternal: {fileID: 0}
  serializedVersion: 5
  m_Component:
  - component: {fileID: 42395611}
  - component: {fileID: 42395610}
  - component: {fileID: 42395609}
  - component: {fileID: 42395608}
  - component: {fileID: 42395607}
  - component: {fileID: 42395606}
  - component: {fileID: 42395605}
  - component: {fileID: 42395604}
  - component: {fileID: 42395603}
  - component: {fileID: 42395602}
  - component: {fileID: 42395601}
  - component: {fileID: 42395600}
  - component: {fileID: 42395599}
  - component: {fileID: 42395598}
  - component: {fileID: 42395597}
  - component: {fileID: 42395596}
  - component: {fileID: 42395595}
  - component: {fileID: 42395594}
  m_Layer: 0
  m_Name: FlowchartShield
  m_TagString: Untagged
  m_Icon: {fileID: 0}
  m_NavMeshLayer: 0
  m_StaticEditorFlags: 0
  m_IsActive: 0
--- !u!114 &42395594
MonoBehaviour:
  m_ObjectHideFlags: 2
  m_PrefabParentObject: {fileID: 0}
  m_PrefabInternal: {fileID: 0}
  m_GameObject: {fileID: 42395593}
  m_Enabled: 1
  m_EditorHideFlags: 0
  m_Script: {fileID: 11500000, guid: d81be3d7e84da460788dccea95a3313a, type: 3}
  m_Name: 
  m_EditorClassIdentifier: 
  itemId: 15
  indentLevel: 0
  _targetGameObject:
    gameObjectRef: {fileID: 0}
    gameObjectVal: {fileID: 2044261874}
  targetGameObjectOLD: {fileID: 0}
--- !u!114 &42395595
MonoBehaviour:
  m_ObjectHideFlags: 2
  m_PrefabParentObject: {fileID: 0}
  m_PrefabInternal: {fileID: 0}
  m_GameObject: {fileID: 42395593}
  m_Enabled: 1
  m_EditorHideFlags: 0
  m_Script: {fileID: 11500000, guid: 3315ad2ebb85443909a1203d56d9344e, type: 3}
  m_Name: 
  m_EditorClassIdentifier: 
  itemId: 14
  indentLevel: 0
  _duration:
    floatRef: {fileID: 0}
    floatVal: 5
  durationOLD: 0
--- !u!114 &42395596
MonoBehaviour:
  m_ObjectHideFlags: 2
  m_PrefabParentObject: {fileID: 0}
  m_PrefabInternal: {fileID: 0}
  m_GameObject: {fileID: 42395593}
  m_Enabled: 1
  m_EditorHideFlags: 0
  m_Script: {fileID: 11500000, guid: 3315ad2ebb85443909a1203d56d9344e, type: 3}
  m_Name: 
  m_EditorClassIdentifier: 
  itemId: 13
  indentLevel: 0
  _duration:
    floatRef: {fileID: 0}
    floatVal: 2
  durationOLD: 0
--- !u!114 &42395597
MonoBehaviour:
  m_ObjectHideFlags: 2
  m_PrefabParentObject: {fileID: 0}
  m_PrefabInternal: {fileID: 0}
  m_GameObject: {fileID: 42395593}
  m_Enabled: 1
  m_EditorHideFlags: 0
  m_Script: {fileID: 11500000, guid: dbd8c931f22994b9d90e2037fffaa770, type: 3}
  m_Name: 
  m_EditorClassIdentifier: 
  itemId: 12
  indentLevel: 0
  _targetGameObject:
    gameObjectRef: {fileID: 0}
    gameObjectVal: {fileID: 1125374298}
  activeState:
    booleanRef: {fileID: 0}
    booleanVal: 1
  targetGameObjectOLD: {fileID: 0}
--- !u!114 &42395598
MonoBehaviour:
  m_ObjectHideFlags: 2
  m_PrefabParentObject: {fileID: 0}
  m_PrefabInternal: {fileID: 0}
  m_GameObject: {fileID: 42395593}
  m_Enabled: 1
  m_EditorHideFlags: 0
  m_Script: {fileID: 11500000, guid: dbd8c931f22994b9d90e2037fffaa770, type: 3}
  m_Name: 
  m_EditorClassIdentifier: 
  itemId: 11
  indentLevel: 0
  _targetGameObject:
    gameObjectRef: {fileID: 0}
    gameObjectVal: {fileID: 1125374298}
  activeState:
    booleanRef: {fileID: 0}
    booleanVal: 0
  targetGameObjectOLD: {fileID: 0}
--- !u!114 &42395599
MonoBehaviour:
  m_ObjectHideFlags: 2
  m_PrefabParentObject: {fileID: 0}
  m_PrefabInternal: {fileID: 0}
  m_GameObject: {fileID: 42395593}
  m_Enabled: 1
  m_EditorHideFlags: 0
  m_Script: {fileID: 11500000, guid: 8ff5d850a887844fe87ae7d366d3ab5e, type: 3}
  m_Name: 
  m_EditorClassIdentifier: 
  parentBlock: {fileID: 42395609}
--- !u!114 &42395600
MonoBehaviour:
  m_ObjectHideFlags: 2
  m_PrefabParentObject: {fileID: 0}
  m_PrefabInternal: {fileID: 0}
  m_GameObject: {fileID: 42395593}
  m_Enabled: 1
  m_EditorHideFlags: 0
  m_Script: {fileID: 11500000, guid: bb3e86f556e074b84af1cc7eb8f8e5e7, type: 3}
  m_Name: 
  m_EditorClassIdentifier: 
  itemId: 10
  indentLevel: 0
  _sourceObject:
    gameObjectRef: {fileID: 0}
    gameObjectVal: {fileID: 106386, guid: 831c85159903ac84399ac3c3e1d5c5ad, type: 2}
  _parentTransform:
    transformRef: {fileID: 0}
    transformVal: {fileID: 2044261875}
  _spawnPosition:
    vector3Ref: {fileID: 0}
    vector3Val: {x: 0.451, y: 0, z: 0}
  _spawnRotation:
    vector3Ref: {fileID: 0}
    vector3Val: {x: 0, y: 0, z: 0}
  sourceObjectOLD: {fileID: 0}
  parentTransformOLD: {fileID: 0}
  spawnPositionOLD: {x: 0, y: 0, z: 0}
  spawnRotationOLD: {x: 0, y: 0, z: 0}
--- !u!114 &42395601
MonoBehaviour:
  m_ObjectHideFlags: 2
  m_PrefabParentObject: {fileID: 0}
  m_PrefabInternal: {fileID: 0}
  m_GameObject: {fileID: 42395593}
  m_Enabled: 1
  m_EditorHideFlags: 0
  m_Script: {fileID: 11500000, guid: 665e8847cab3749f597622c6c52997ad, type: 3}
  m_Name: 
  m_EditorClassIdentifier: 
  itemId: 9
  indentLevel: 0
  _targetObject:
    gameObjectRef: {fileID: 0}
    gameObjectVal: {fileID: 1125374298}
  _tweenName:
    stringRef: {fileID: 0}
    stringVal: 
  _duration:
    floatRef: {fileID: 0}
    floatVal: 1
  easeType: 2
  loopType: 0
  stopPreviousTweens: 0
  waitUntilFinished: 1
  targetObjectOLD: {fileID: 0}
  tweenNameOLD: 
  durationOLD: 0
  _toTransform:
    transformRef: {fileID: 0}
    transformVal: {fileID: 0}
  _toScale:
    vector3Ref: {fileID: 0}
    vector3Val: {x: 0.4, y: 0.4, z: 0.4}
  toTransformOLD: {fileID: 0}
  toScaleOLD: {x: 0, y: 0, z: 0}
--- !u!114 &42395602
MonoBehaviour:
  m_ObjectHideFlags: 2
  m_PrefabParentObject: {fileID: 0}
  m_PrefabInternal: {fileID: 0}
  m_GameObject: {fileID: 42395593}
  m_Enabled: 1
  m_EditorHideFlags: 0
  m_Script: {fileID: 11500000, guid: 4580f28dd8581476b810b38eea2f1316, type: 3}
  m_Name: 
  m_EditorClassIdentifier: 
  scope: 1
  key: Name
  value: 
--- !u!114 &42395603
MonoBehaviour:
  m_ObjectHideFlags: 2
  m_PrefabParentObject: {fileID: 0}
  m_PrefabInternal: {fileID: 0}
  m_GameObject: {fileID: 42395593}
  m_Enabled: 1
  m_EditorHideFlags: 0
  m_Script: {fileID: 11500000, guid: 61d25bbd9d6d747aeaa5d4bc828ba140, type: 3}
  m_Name: 
  m_EditorClassIdentifier: 
  itemId: 8
  indentLevel: 0
  storyText: cdzbdbdsf {$Name}
  description: 
  character: {fileID: 1125374300}
  portrait: {fileID: 0}
  voiceOverClip: {fileID: 0}
  showAlways: 1
  showCount: 1
  extendPrevious: 0
  fadeWhenDone: 1
  waitForClick: 1
  stopVoiceover: 1
  setSayDialog: {fileID: 0}
  primaryAnimation: 5
  secondaryAnimation: 1
  isFlipped: 0
--- !u!114 &42395604
MonoBehaviour:
  m_ObjectHideFlags: 2
  m_PrefabParentObject: {fileID: 0}
  m_PrefabInternal: {fileID: 0}
  m_GameObject: {fileID: 42395593}
  m_Enabled: 1
  m_EditorHideFlags: 0
  m_Script: {fileID: 11500000, guid: f222d5fc8dbec4026b27be53750c8ee7, type: 3}
  m_Name: 
  m_EditorClassIdentifier: 
  itemId: 7
  indentLevel: 0
  character: {fileID: 1125374300}
  useMultipleAnimation: 1
  primaryAnimation: 5
  secondaryAnimation: 7
  isFlipped: 0
  _duration:
    floatRef: {fileID: 0}
    floatVal: 0
--- !u!114 &42395605
MonoBehaviour:
  m_ObjectHideFlags: 2
  m_PrefabParentObject: {fileID: 0}
  m_PrefabInternal: {fileID: 0}
  m_GameObject: {fileID: 42395593}
  m_Enabled: 1
  m_EditorHideFlags: 0
  m_Script: {fileID: 11500000, guid: a97495aa551ff4ef58b5ffd2d4618f7b, type: 3}
  m_Name: 
  m_EditorClassIdentifier: 
  itemId: 6
  indentLevel: 0
  _targetObject:
    gameObjectRef: {fileID: 0}
    gameObjectVal: {fileID: 1125374298}
  _tweenName:
    stringRef: {fileID: 0}
    stringVal: 
  _duration:
    floatRef: {fileID: 0}
    floatVal: 1
  easeType: 2
  loopType: 0
  stopPreviousTweens: 0
  waitUntilFinished: 1
  targetObjectOLD: {fileID: 0}
  tweenNameOLD: 
  durationOLD: 0
  character: {fileID: 1125374300}
  _toTransform:
    transformRef: {fileID: 0}
    transformVal: {fileID: 0}
  _toPosition:
    vector3Ref: {fileID: 0}
    vector3Val: {x: 0, y: 0, z: 0}
  isLocal: 0
  toTransformOLD: {fileID: 0}
  toPositionOLD: {x: 0, y: 0, z: 0}
--- !u!114 &42395606
MonoBehaviour:
  m_ObjectHideFlags: 2
  m_PrefabParentObject: {fileID: 0}
  m_PrefabInternal: {fileID: 0}
  m_GameObject: {fileID: 42395593}
  m_Enabled: 1
  m_EditorHideFlags: 0
  m_Script: {fileID: 11500000, guid: bb3e86f556e074b84af1cc7eb8f8e5e7, type: 3}
  m_Name: 
  m_EditorClassIdentifier: 
  itemId: 5
  indentLevel: 0
  _sourceObject:
    gameObjectRef: {fileID: 0}
    gameObjectVal: {fileID: 1000013613501260, guid: 6fe1b8068627361498da4d71da8c4651,
      type: 2}
  _parentTransform:
    transformRef: {fileID: 0}
    transformVal: {fileID: 1125374299}
  _spawnPosition:
    vector3Ref: {fileID: 0}
    vector3Val: {x: 0, y: -10, z: 0}
  _spawnRotation:
    vector3Ref: {fileID: 0}
    vector3Val: {x: 0, y: 0, z: 0}
  sourceObjectOLD: {fileID: 0}
  parentTransformOLD: {fileID: 0}
  spawnPositionOLD: {x: 0, y: 0, z: 0}
  spawnRotationOLD: {x: 0, y: 0, z: 0}
--- !u!114 &42395607
MonoBehaviour:
  m_ObjectHideFlags: 2
  m_PrefabParentObject: {fileID: 0}
  m_PrefabInternal: {fileID: 0}
  m_GameObject: {fileID: 42395593}
  m_Enabled: 1
  m_EditorHideFlags: 0
  m_Script: {fileID: 11500000, guid: 3315ad2ebb85443909a1203d56d9344e, type: 3}
  m_Name: 
  m_EditorClassIdentifier: 
  itemId: 2
  indentLevel: 0
  _duration:
    floatRef: {fileID: 0}
    floatVal: 1
  durationOLD: 0
--- !u!114 &42395608
MonoBehaviour:
  m_ObjectHideFlags: 2
  m_PrefabParentObject: {fileID: 0}
  m_PrefabInternal: {fileID: 0}
  m_GameObject: {fileID: 42395593}
  m_Enabled: 1
  m_EditorHideFlags: 0
  m_Script: {fileID: 11500000, guid: ec422cd568a9c4a31ad7c36d0572b9da, type: 3}
  m_Name: 
  m_EditorClassIdentifier: 
  itemId: 1
  indentLevel: 0
  storyText: Blah Blah Blah
  description: 
  character: {fileID: 1125374300}
  portrait: {fileID: 0}
  voiceOverClip: {fileID: 0}
  showAlways: 1
  showCount: 1
  extendPrevious: 0
  fadeWhenDone: 1
  waitForClick: 1
  stopVoiceover: 1
  setSayDialog: {fileID: 1050575316}
--- !u!114 &42395609
MonoBehaviour:
  m_ObjectHideFlags: 2
  m_PrefabParentObject: {fileID: 11433304, guid: 5e7fbc8d4eb714b279eeeef2262c1e1a,
    type: 2}
  m_PrefabInternal: {fileID: 0}
  m_GameObject: {fileID: 42395593}
  m_Enabled: 1
  m_EditorHideFlags: 0
  m_Script: {fileID: 11500000, guid: 3d3d73aef2cfc4f51abf34ac00241f60, type: 3}
  m_Name: 
  m_EditorClassIdentifier: 
  nodeRect:
    serializedVersion: 2
    x: 67
    y: 68.27316
    width: 120
    height: 40
  tint: {r: 1, g: 1, b: 1, a: 1}
  useCustomTint: 0
  itemId: 0
  blockName: New Block
  description: 
  eventHandler: {fileID: 42395599}
  commandList:
  - {fileID: 42395607}
  - {fileID: 42395606}
  - {fileID: 42395601}
  - {fileID: 42395608}
  - {fileID: 42395605}
  - {fileID: 42395604}
  - {fileID: 42395603}
  - {fileID: 42395598}
  - {fileID: 42395596}
  - {fileID: 42395600}
  - {fileID: 42395595}
  - {fileID: 42395597}
  - {fileID: 42395594}
--- !u!114 &42395610
MonoBehaviour:
  m_ObjectHideFlags: 0
  m_PrefabParentObject: {fileID: 11430050, guid: 5e7fbc8d4eb714b279eeeef2262c1e1a,
    type: 2}
  m_PrefabInternal: {fileID: 0}
  m_GameObject: {fileID: 42395593}
  m_Enabled: 1
  m_EditorHideFlags: 0
  m_Script: {fileID: 11500000, guid: 7a334fe2ffb574b3583ff3b18b4792d3, type: 3}
  m_Name: 
  m_EditorClassIdentifier: 
  version: 1
  scrollPos: {x: 158.72467, y: 115.46367}
  variablesScrollPos: {x: 0, y: 0}
  variablesExpanded: 1
  blockViewHeight: 340
  zoom: 0.534055
  scrollViewRect:
    serializedVersion: 2
    x: -417.79205
    y: -439.90826
    width: 1188.792
    height: 958.90826
  selectedBlocks:
  - {fileID: 42395609}
  selectedCommands: []
  variables:
  - {fileID: 42395602}
  description: 
  stepPause: 0
  colorCommands: 1
  hideComponents: 1
  saveSelection: 1
  localizationId: 
  showLineNumbers: 0
  hideCommands: []
  luaEnvironment: {fileID: 0}
  luaBindingName: flowchart
--- !u!4 &42395611
Transform:
  m_ObjectHideFlags: 0
  m_PrefabParentObject: {fileID: 467082, guid: 5e7fbc8d4eb714b279eeeef2262c1e1a, type: 2}
  m_PrefabInternal: {fileID: 0}
  m_GameObject: {fileID: 42395593}
  m_LocalRotation: {x: 0, y: 0, z: 0, w: 1}
  m_LocalPosition: {x: 0, y: 0, z: 0}
  m_LocalScale: {x: 1, y: 1, z: 1}
  m_Children: []
  m_Father: {fileID: 0}
  m_RootOrder: 11
  m_LocalEulerAnglesHint: {x: 0, y: 0, z: 0}
--- !u!1 &117893500
GameObject:
  m_ObjectHideFlags: 0
  m_PrefabParentObject: {fileID: 0}
  m_PrefabInternal: {fileID: 0}
  serializedVersion: 5
  m_Component:
  - component: {fileID: 117893501}
  - component: {fileID: 117893502}
  m_Layer: 0
  m_Name: Characters
  m_TagString: Untagged
  m_Icon: {fileID: 0}
  m_NavMeshLayer: 0
  m_StaticEditorFlags: 0
  m_IsActive: 1
--- !u!4 &117893501
Transform:
  m_ObjectHideFlags: 0
  m_PrefabParentObject: {fileID: 0}
  m_PrefabInternal: {fileID: 0}
  m_GameObject: {fileID: 117893500}
  m_LocalRotation: {x: -0, y: -0, z: -0, w: 1}
  m_LocalPosition: {x: 0, y: 0, z: 0}
  m_LocalScale: {x: 1, y: 1, z: 1}
  m_Children:
  - {fileID: 1415250438}
  - {fileID: 1125374299}
  - {fileID: 260245768}
  m_Father: {fileID: 0}
  m_RootOrder: 5
  m_LocalEulerAnglesHint: {x: 0, y: 0, z: 0}
--- !u!114 &117893502
MonoBehaviour:
  m_ObjectHideFlags: 0
  m_PrefabParentObject: {fileID: 0}
  m_PrefabInternal: {fileID: 0}
  m_GameObject: {fileID: 117893500}
  m_Enabled: 0
  m_EditorHideFlags: 0
  m_Script: {fileID: 11500000, guid: 4a06c9b62d7f14c299855de9b116a9e1, type: 3}
  m_Name: 
  m_EditorClassIdentifier: 
  characterPrefab1: {fileID: 1000013429842974, guid: 723afbd2ad62d4a568b6c10856498b50,
    type: 2}
--- !u!1 &156882526
GameObject:
  m_ObjectHideFlags: 0
  m_PrefabParentObject: {fileID: 142980, guid: 5e7fbc8d4eb714b279eeeef2262c1e1a, type: 2}
  m_PrefabInternal: {fileID: 0}
  serializedVersion: 5
  m_Component:
  - component: {fileID: 156882530}
  - component: {fileID: 156882527}
  - component: {fileID: 156882528}
  - component: {fileID: 156882529}
  - component: {fileID: 156882531}
  - component: {fileID: 156882532}
  - component: {fileID: 156882535}
  - component: {fileID: 156882533}
  - component: {fileID: 156882534}
  - component: {fileID: 156882536}
  - component: {fileID: 156882537}
  - component: {fileID: 156882538}
  - component: {fileID: 156882539}
  m_Layer: 0
  m_Name: FlowchartOrb
  m_TagString: Untagged
  m_Icon: {fileID: 0}
  m_NavMeshLayer: 0
  m_StaticEditorFlags: 0
  m_IsActive: 0
--- !u!114 &156882527
MonoBehaviour:
  m_ObjectHideFlags: 0
  m_PrefabParentObject: {fileID: 11430050, guid: 5e7fbc8d4eb714b279eeeef2262c1e1a,
    type: 2}
  m_PrefabInternal: {fileID: 0}
  m_GameObject: {fileID: 156882526}
  m_Enabled: 1
  m_EditorHideFlags: 0
  m_Script: {fileID: 11500000, guid: 7a334fe2ffb574b3583ff3b18b4792d3, type: 3}
  m_Name: 
  m_EditorClassIdentifier: 
  version: 1
  scrollPos: {x: 211.10638, y: 126.73255}
  variablesScrollPos: {x: 0, y: 0}
  variablesExpanded: 1
  blockViewHeight: 340
  zoom: 0.45903593
  scrollViewRect:
    serializedVersion: 2
    x: -417.79205
    y: -439.90826
    width: 1188.792
    height: 958.90826
  selectedBlocks:
  - {fileID: 156882528}
  selectedCommands: []
  variables:
  - {fileID: 156882537}
  description: 
  stepPause: 0
  colorCommands: 1
  hideComponents: 1
  saveSelection: 1
  localizationId: 
  showLineNumbers: 0
  hideCommands: []
  luaEnvironment: {fileID: 0}
  luaBindingName: flowchart
--- !u!114 &156882528
MonoBehaviour:
  m_ObjectHideFlags: 2
  m_PrefabParentObject: {fileID: 11433304, guid: 5e7fbc8d4eb714b279eeeef2262c1e1a,
    type: 2}
  m_PrefabInternal: {fileID: 0}
  m_GameObject: {fileID: 156882526}
  m_Enabled: 1
  m_EditorHideFlags: 0
  m_Script: {fileID: 11500000, guid: 3d3d73aef2cfc4f51abf34ac00241f60, type: 3}
  m_Name: 
  m_EditorClassIdentifier: 
  nodeRect:
    serializedVersion: 2
    x: 67
    y: 68.27316
    width: 120
    height: 40
  tint: {r: 1, g: 1, b: 1, a: 1}
  useCustomTint: 0
  itemId: 0
  blockName: New Block
  description: 
  eventHandler: {fileID: 156882529}
  commandList:
  - {fileID: 156882532}
  - {fileID: 156882535}
  - {fileID: 156882538}
  - {fileID: 156882531}
  - {fileID: 156882533}
  - {fileID: 156882534}
  - {fileID: 156882536}
  - {fileID: 156882539}
--- !u!114 &156882529
MonoBehaviour:
  m_ObjectHideFlags: 2
  m_PrefabParentObject: {fileID: 11462346, guid: 5e7fbc8d4eb714b279eeeef2262c1e1a,
    type: 2}
  m_PrefabInternal: {fileID: 0}
  m_GameObject: {fileID: 156882526}
  m_Enabled: 1
  m_EditorHideFlags: 0
  m_Script: {fileID: 11500000, guid: d2f6487d21a03404cb21b245f0242e79, type: 3}
  m_Name: 
  m_EditorClassIdentifier: 
  parentBlock: {fileID: 156882528}
  waitForFrames: 1
--- !u!4 &156882530
Transform:
  m_ObjectHideFlags: 0
  m_PrefabParentObject: {fileID: 467082, guid: 5e7fbc8d4eb714b279eeeef2262c1e1a, type: 2}
  m_PrefabInternal: {fileID: 0}
  m_GameObject: {fileID: 156882526}
  m_LocalRotation: {x: 0, y: 0, z: 0, w: 1}
  m_LocalPosition: {x: 0, y: 0, z: 0}
  m_LocalScale: {x: 1, y: 1, z: 1}
  m_Children: []
  m_Father: {fileID: 0}
  m_RootOrder: 6
  m_LocalEulerAnglesHint: {x: 0, y: 0, z: 0}
--- !u!114 &156882531
MonoBehaviour:
  m_ObjectHideFlags: 2
  m_PrefabParentObject: {fileID: 0}
  m_PrefabInternal: {fileID: 0}
  m_GameObject: {fileID: 156882526}
  m_Enabled: 1
  m_EditorHideFlags: 0
  m_Script: {fileID: 11500000, guid: ec422cd568a9c4a31ad7c36d0572b9da, type: 3}
  m_Name: 
  m_EditorClassIdentifier: 
  itemId: 1
  indentLevel: 0
  storyText: Blah Blah Blah
  description: 
  character: {fileID: 1125374300}
  portrait: {fileID: 0}
  voiceOverClip: {fileID: 0}
  showAlways: 1
  showCount: 1
  extendPrevious: 0
  fadeWhenDone: 1
  waitForClick: 1
  stopVoiceover: 1
  setSayDialog: {fileID: 1050575316}
--- !u!114 &156882532
MonoBehaviour:
  m_ObjectHideFlags: 2
  m_PrefabParentObject: {fileID: 0}
  m_PrefabInternal: {fileID: 0}
  m_GameObject: {fileID: 156882526}
  m_Enabled: 1
  m_EditorHideFlags: 0
  m_Script: {fileID: 11500000, guid: 3315ad2ebb85443909a1203d56d9344e, type: 3}
  m_Name: 
  m_EditorClassIdentifier: 
  itemId: 2
  indentLevel: 0
  _duration:
    floatRef: {fileID: 0}
    floatVal: 1
  durationOLD: 0
--- !u!114 &156882533
MonoBehaviour:
  m_ObjectHideFlags: 2
  m_PrefabParentObject: {fileID: 0}
  m_PrefabInternal: {fileID: 0}
  m_GameObject: {fileID: 156882526}
  m_Enabled: 1
  m_EditorHideFlags: 0
  m_Script: {fileID: 11500000, guid: a97495aa551ff4ef58b5ffd2d4618f7b, type: 3}
  m_Name: 
  m_EditorClassIdentifier: 
  itemId: 6
  indentLevel: 0
  _targetObject:
    gameObjectRef: {fileID: 0}
    gameObjectVal: {fileID: 1125374298}
  _tweenName:
    stringRef: {fileID: 0}
    stringVal: 
  _duration:
    floatRef: {fileID: 0}
    floatVal: 1
  easeType: 2
  loopType: 0
  stopPreviousTweens: 0
  waitUntilFinished: 1
  targetObjectOLD: {fileID: 0}
  tweenNameOLD: 
  durationOLD: 0
  character: {fileID: 1125374300}
  _toTransform:
    transformRef: {fileID: 0}
    transformVal: {fileID: 0}
  _toPosition:
    vector3Ref: {fileID: 0}
    vector3Val: {x: 0, y: 0, z: 0}
  isLocal: 0
  toTransformOLD: {fileID: 0}
  toPositionOLD: {x: 0, y: 0, z: 0}
--- !u!114 &156882534
MonoBehaviour:
  m_ObjectHideFlags: 2
  m_PrefabParentObject: {fileID: 0}
  m_PrefabInternal: {fileID: 0}
  m_GameObject: {fileID: 156882526}
  m_Enabled: 0
  m_EditorHideFlags: 0
  m_Script: {fileID: 11500000, guid: f222d5fc8dbec4026b27be53750c8ee7, type: 3}
  m_Name: 
  m_EditorClassIdentifier: 
  itemId: 7
  indentLevel: 0
  character: {fileID: 1125374300}
  useMultipleAnimation: 0
  primaryAnimation: 5
  secondaryAnimation: 16
  isFlipped: 0
  _duration:
    floatRef: {fileID: 0}
    floatVal: 0
--- !u!114 &156882535
MonoBehaviour:
  m_ObjectHideFlags: 2
  m_PrefabParentObject: {fileID: 0}
  m_PrefabInternal: {fileID: 0}
  m_GameObject: {fileID: 156882526}
  m_Enabled: 1
  m_EditorHideFlags: 0
  m_Script: {fileID: 11500000, guid: bb3e86f556e074b84af1cc7eb8f8e5e7, type: 3}
  m_Name: 
  m_EditorClassIdentifier: 
  itemId: 5
  indentLevel: 0
  _sourceObject:
    gameObjectRef: {fileID: 0}
    gameObjectVal: {fileID: 1000013907494956, guid: 8bdc12be3ed3a614e8fb9171e0b76842,
      type: 2}
  _parentTransform:
    transformRef: {fileID: 0}
    transformVal: {fileID: 1125374299}
  _spawnPosition:
    vector3Ref: {fileID: 0}
    vector3Val: {x: 0, y: -10, z: 0}
  _spawnRotation:
    vector3Ref: {fileID: 0}
    vector3Val: {x: 0, y: 0, z: 0}
  sourceObjectOLD: {fileID: 0}
  parentTransformOLD: {fileID: 0}
  spawnPositionOLD: {x: 0, y: 0, z: 0}
  spawnRotationOLD: {x: 0, y: 0, z: 0}
--- !u!114 &156882536
MonoBehaviour:
  m_ObjectHideFlags: 2
  m_PrefabParentObject: {fileID: 0}
  m_PrefabInternal: {fileID: 0}
  m_GameObject: {fileID: 156882526}
  m_Enabled: 1
  m_EditorHideFlags: 0
  m_Script: {fileID: 11500000, guid: 61d25bbd9d6d747aeaa5d4bc828ba140, type: 3}
  m_Name: 
  m_EditorClassIdentifier: 
  itemId: 8
  indentLevel: 0
  storyText: cdzbdbdsf {$Name}
  description: 
  character: {fileID: 1125374300}
  portrait: {fileID: 0}
  voiceOverClip: {fileID: 0}
  showAlways: 1
  showCount: 1
  extendPrevious: 0
  fadeWhenDone: 1
  waitForClick: 1
  stopVoiceover: 1
  setSayDialog: {fileID: 0}
  primaryAnimation: 5
  secondaryAnimation: 9
  isFlipped: 0
--- !u!114 &156882537
MonoBehaviour:
  m_ObjectHideFlags: 2
  m_PrefabParentObject: {fileID: 0}
  m_PrefabInternal: {fileID: 0}
  m_GameObject: {fileID: 156882526}
  m_Enabled: 1
  m_EditorHideFlags: 0
  m_Script: {fileID: 11500000, guid: 4580f28dd8581476b810b38eea2f1316, type: 3}
  m_Name: 
  m_EditorClassIdentifier: 
  scope: 1
  key: Name
  value: 
--- !u!114 &156882538
MonoBehaviour:
  m_ObjectHideFlags: 2
  m_PrefabParentObject: {fileID: 0}
  m_PrefabInternal: {fileID: 0}
  m_GameObject: {fileID: 156882526}
  m_Enabled: 1
  m_EditorHideFlags: 0
  m_Script: {fileID: 11500000, guid: 665e8847cab3749f597622c6c52997ad, type: 3}
  m_Name: 
  m_EditorClassIdentifier: 
  itemId: 9
  indentLevel: 0
  _targetObject:
    gameObjectRef: {fileID: 0}
    gameObjectVal: {fileID: 1125374298}
  _tweenName:
    stringRef: {fileID: 0}
    stringVal: 
  _duration:
    floatRef: {fileID: 0}
    floatVal: 1
  easeType: 2
  loopType: 0
  stopPreviousTweens: 0
  waitUntilFinished: 1
  targetObjectOLD: {fileID: 0}
  tweenNameOLD: 
  durationOLD: 0
  _toTransform:
    transformRef: {fileID: 0}
    transformVal: {fileID: 0}
  _toScale:
    vector3Ref: {fileID: 0}
    vector3Val: {x: 0.4, y: 0.4, z: 0.4}
  toTransformOLD: {fileID: 0}
  toScaleOLD: {x: 0, y: 0, z: 0}
--- !u!114 &156882539
MonoBehaviour:
  m_ObjectHideFlags: 2
  m_PrefabParentObject: {fileID: 0}
  m_PrefabInternal: {fileID: 0}
  m_GameObject: {fileID: 156882526}
  m_Enabled: 0
  m_EditorHideFlags: 0
  m_Script: {fileID: 11500000, guid: f222d5fc8dbec4026b27be53750c8ee7, type: 3}
  m_Name: 
  m_EditorClassIdentifier: 
  itemId: 10
  indentLevel: 0
  character: {fileID: 1125374300}
  useMultipleAnimation: 0
  primaryAnimation: 5
  secondaryAnimation: 9
  isFlipped: 0
  _duration:
    floatRef: {fileID: 0}
    floatVal: 0
--- !u!1 &235892241
GameObject:
  m_ObjectHideFlags: 0
  m_PrefabParentObject: {fileID: 142980, guid: 5e7fbc8d4eb714b279eeeef2262c1e1a, type: 2}
  m_PrefabInternal: {fileID: 0}
  serializedVersion: 5
  m_Component:
  - component: {fileID: 235892251}
  - component: {fileID: 235892250}
  - component: {fileID: 235892249}
  - component: {fileID: 235892248}
  - component: {fileID: 235892247}
  - component: {fileID: 235892246}
  - component: {fileID: 235892245}
  - component: {fileID: 235892244}
  - component: {fileID: 235892243}
  - component: {fileID: 235892242}
  m_Layer: 0
  m_Name: FlowchartOrb (1)
  m_TagString: Untagged
  m_Icon: {fileID: 0}
  m_NavMeshLayer: 0
  m_StaticEditorFlags: 0
  m_IsActive: 1
--- !u!114 &235892242
MonoBehaviour:
  m_ObjectHideFlags: 2
  m_PrefabParentObject: {fileID: 0}
  m_PrefabInternal: {fileID: 0}
  m_GameObject: {fileID: 235892241}
  m_Enabled: 1
  m_EditorHideFlags: 0
  m_Script: {fileID: 11500000, guid: f222d5fc8dbec4026b27be53750c8ee7, type: 3}
  m_Name: 
  m_EditorClassIdentifier: 
  itemId: 8
  indentLevel: 0
  character: {fileID: 1415250439}
  useMultipleAnimation: 0
  primaryAnimation: 5
  secondaryAnimation: 30
  isFlipped: 1
  _duration:
    floatRef: {fileID: 0}
    floatVal: 0
--- !u!114 &235892243
MonoBehaviour:
  m_ObjectHideFlags: 2
  m_PrefabParentObject: {fileID: 0}
  m_PrefabInternal: {fileID: 0}
  m_GameObject: {fileID: 235892241}
  m_Enabled: 1
  m_EditorHideFlags: 0
  m_Script: {fileID: 11500000, guid: f222d5fc8dbec4026b27be53750c8ee7, type: 3}
  m_Name: 
  m_EditorClassIdentifier: 
  itemId: 7
  indentLevel: 0
  character: {fileID: 1125374300}
  useMultipleAnimation: 0
  primaryAnimation: 5
  secondaryAnimation: 31
  isFlipped: 0
  _duration:
    floatRef: {fileID: 0}
    floatVal: 0
--- !u!114 &235892244
MonoBehaviour:
  m_ObjectHideFlags: 2
  m_PrefabParentObject: {fileID: 0}
  m_PrefabInternal: {fileID: 0}
  m_GameObject: {fileID: 235892241}
  m_Enabled: 1
  m_EditorHideFlags: 0
  m_Script: {fileID: 11500000, guid: bb3e86f556e074b84af1cc7eb8f8e5e7, type: 3}
  m_Name: 
  m_EditorClassIdentifier: 
  itemId: 6
  indentLevel: 0
  _sourceObject:
    gameObjectRef: {fileID: 0}
    gameObjectVal: {fileID: 1000010369854308, guid: e66534cab8964554583253ba1b0ad18d,
      type: 2}
  _parentTransform:
    transformRef: {fileID: 0}
    transformVal: {fileID: 1415250438}
  _spawnPosition:
    vector3Ref: {fileID: 0}
    vector3Val: {x: 0, y: -10, z: 0}
  _spawnRotation:
    vector3Ref: {fileID: 0}
    vector3Val: {x: 0, y: 0, z: 0}
  sourceObjectOLD: {fileID: 0}
  parentTransformOLD: {fileID: 0}
  spawnPositionOLD: {x: 0, y: 0, z: 0}
  spawnRotationOLD: {x: 0, y: 0, z: 0}
--- !u!114 &235892245
MonoBehaviour:
  m_ObjectHideFlags: 2
  m_PrefabParentObject: {fileID: 0}
  m_PrefabInternal: {fileID: 0}
  m_GameObject: {fileID: 235892241}
  m_Enabled: 1
  m_EditorHideFlags: 0
  m_Script: {fileID: 11500000, guid: 4580f28dd8581476b810b38eea2f1316, type: 3}
  m_Name: 
  m_EditorClassIdentifier: 
  scope: 1
  key: Name
  value: 
--- !u!114 &235892246
MonoBehaviour:
  m_ObjectHideFlags: 2
  m_PrefabParentObject: {fileID: 0}
  m_PrefabInternal: {fileID: 0}
  m_GameObject: {fileID: 235892241}
  m_Enabled: 1
  m_EditorHideFlags: 0
  m_Script: {fileID: 11500000, guid: bb3e86f556e074b84af1cc7eb8f8e5e7, type: 3}
  m_Name: 
  m_EditorClassIdentifier: 
  itemId: 5
  indentLevel: 0
  _sourceObject:
    gameObjectRef: {fileID: 0}
    gameObjectVal: {fileID: 1000014207241408, guid: d9f61e79e7117124f84d588a75206825,
      type: 2}
  _parentTransform:
    transformRef: {fileID: 0}
    transformVal: {fileID: 1125374299}
  _spawnPosition:
    vector3Ref: {fileID: 0}
    vector3Val: {x: 0, y: -10, z: 0}
  _spawnRotation:
    vector3Ref: {fileID: 0}
    vector3Val: {x: 0, y: 0, z: 0}
  sourceObjectOLD: {fileID: 0}
  parentTransformOLD: {fileID: 0}
  spawnPositionOLD: {x: 0, y: 0, z: 0}
  spawnRotationOLD: {x: 0, y: 0, z: 0}
--- !u!114 &235892247
MonoBehaviour:
  m_ObjectHideFlags: 2
  m_PrefabParentObject: {fileID: 0}
  m_PrefabInternal: {fileID: 0}
  m_GameObject: {fileID: 235892241}
  m_Enabled: 1
  m_EditorHideFlags: 0
  m_Script: {fileID: 11500000, guid: 3315ad2ebb85443909a1203d56d9344e, type: 3}
  m_Name: 
  m_EditorClassIdentifier: 
  itemId: 2
  indentLevel: 0
  _duration:
    floatRef: {fileID: 0}
    floatVal: 1
  durationOLD: 0
--- !u!114 &235892248
MonoBehaviour:
  m_ObjectHideFlags: 2
  m_PrefabParentObject: {fileID: 11462346, guid: 5e7fbc8d4eb714b279eeeef2262c1e1a,
    type: 2}
  m_PrefabInternal: {fileID: 0}
  m_GameObject: {fileID: 235892241}
  m_Enabled: 1
  m_EditorHideFlags: 0
  m_Script: {fileID: 11500000, guid: d2f6487d21a03404cb21b245f0242e79, type: 3}
  m_Name: 
  m_EditorClassIdentifier: 
  parentBlock: {fileID: 235892249}
  waitForFrames: 1
--- !u!114 &235892249
MonoBehaviour:
  m_ObjectHideFlags: 2
  m_PrefabParentObject: {fileID: 11433304, guid: 5e7fbc8d4eb714b279eeeef2262c1e1a,
    type: 2}
  m_PrefabInternal: {fileID: 0}
  m_GameObject: {fileID: 235892241}
  m_Enabled: 1
  m_EditorHideFlags: 0
  m_Script: {fileID: 11500000, guid: 3d3d73aef2cfc4f51abf34ac00241f60, type: 3}
  m_Name: 
  m_EditorClassIdentifier: 
  nodeRect:
    serializedVersion: 2
    x: 67
    y: 68.27316
    width: 120
    height: 40
  tint: {r: 1, g: 1, b: 1, a: 1}
  useCustomTint: 0
  itemId: 0
  blockName: New Block
  description: 
  eventHandler: {fileID: 235892248}
  commandList:
  - {fileID: 235892247}
  - {fileID: 235892246}
  - {fileID: 235892244}
  - {fileID: 235892243}
  - {fileID: 235892242}
--- !u!114 &235892250
MonoBehaviour:
  m_ObjectHideFlags: 0
  m_PrefabParentObject: {fileID: 11430050, guid: 5e7fbc8d4eb714b279eeeef2262c1e1a,
    type: 2}
  m_PrefabInternal: {fileID: 0}
  m_GameObject: {fileID: 235892241}
  m_Enabled: 1
  m_EditorHideFlags: 0
  m_Script: {fileID: 11500000, guid: 7a334fe2ffb574b3583ff3b18b4792d3, type: 3}
  m_Name: 
  m_EditorClassIdentifier: 
  version: 1
  scrollPos: {x: 211.10638, y: 126.73255}
  variablesScrollPos: {x: 0, y: 0}
  variablesExpanded: 1
  blockViewHeight: 340
  zoom: 0.45903593
  scrollViewRect:
    serializedVersion: 2
    x: -417.79205
    y: -439.90826
    width: 1188.792
    height: 958.90826
  selectedBlocks:
  - {fileID: 235892249}
  selectedCommands:
  - {fileID: 235892243}
  variables:
  - {fileID: 235892245}
  description: 
  stepPause: 0
  colorCommands: 1
  hideComponents: 1
  saveSelection: 1
  localizationId: 
  showLineNumbers: 0
  hideCommands: []
  luaEnvironment: {fileID: 0}
  luaBindingName: flowchart
--- !u!4 &235892251
Transform:
  m_ObjectHideFlags: 0
  m_PrefabParentObject: {fileID: 467082, guid: 5e7fbc8d4eb714b279eeeef2262c1e1a, type: 2}
  m_PrefabInternal: {fileID: 0}
  m_GameObject: {fileID: 235892241}
  m_LocalRotation: {x: 0, y: 0, z: 0, w: 1}
  m_LocalPosition: {x: 0, y: 0, z: 0}
  m_LocalScale: {x: 1, y: 1, z: 1}
  m_Children: []
  m_Father: {fileID: 0}
  m_RootOrder: 12
  m_LocalEulerAnglesHint: {x: 0, y: 0, z: 0}
--- !u!1 &260245766
GameObject:
  m_ObjectHideFlags: 0
  m_PrefabParentObject: {fileID: 0}
  m_PrefabInternal: {fileID: 0}
  serializedVersion: 5
  m_Component:
  - component: {fileID: 260245768}
  - component: {fileID: 260245767}
  m_Layer: 0
  m_Name: GameObject
  m_TagString: Untagged
  m_Icon: {fileID: 0}
  m_NavMeshLayer: 0
  m_StaticEditorFlags: 0
  m_IsActive: 1
--- !u!114 &260245767
MonoBehaviour:
  m_ObjectHideFlags: 0
  m_PrefabParentObject: {fileID: 0}
  m_PrefabInternal: {fileID: 0}
  m_GameObject: {fileID: 260245766}
  m_Enabled: 1
  m_EditorHideFlags: 0
  m_Script: {fileID: 11500000, guid: 25fb867d2049d41f597aefdd6b19f598, type: 3}
  m_Name: 
  m_EditorClassIdentifier: 
  nameText: YOLO
  nameColor: {r: 1, g: 1, b: 1, a: 1}
  soundEffect: {fileID: 0}
  portraits:
  - {fileID: 0}
  portraitsFace: 0
  setSayDialog: {fileID: 0}
  description: 
--- !u!4 &260245768
Transform:
  m_ObjectHideFlags: 0
  m_PrefabParentObject: {fileID: 0}
  m_PrefabInternal: {fileID: 0}
  m_GameObject: {fileID: 260245766}
  m_LocalRotation: {x: 0, y: 0, z: 0, w: 1}
  m_LocalPosition: {x: 0, y: 0, z: 0}
  m_LocalScale: {x: 1, y: 1, z: 1}
  m_Children: []
  m_Father: {fileID: 117893501}
  m_RootOrder: 2
  m_LocalEulerAnglesHint: {x: 0, y: 0, z: 0}
--- !u!1 &324066711
GameObject:
  m_ObjectHideFlags: 0
  m_PrefabParentObject: {fileID: 0}
  m_PrefabInternal: {fileID: 0}
  serializedVersion: 5
  m_Component:
  - component: {fileID: 324066716}
  - component: {fileID: 324066715}
  - component: {fileID: 324066714}
  - component: {fileID: 324066713}
  - component: {fileID: 324066712}
  - component: {fileID: 324066717}
  m_Layer: 0
  m_Name: Main Camera
  m_TagString: MainCamera
  m_Icon: {fileID: 0}
  m_NavMeshLayer: 0
  m_StaticEditorFlags: 0
  m_IsActive: 1
--- !u!81 &324066712
AudioListener:
  m_ObjectHideFlags: 0
  m_PrefabParentObject: {fileID: 0}
  m_PrefabInternal: {fileID: 0}
  m_GameObject: {fileID: 324066711}
  m_Enabled: 1
--- !u!124 &324066713
Behaviour:
  m_ObjectHideFlags: 0
  m_PrefabParentObject: {fileID: 0}
  m_PrefabInternal: {fileID: 0}
  m_GameObject: {fileID: 324066711}
  m_Enabled: 1
--- !u!92 &324066714
Behaviour:
  m_ObjectHideFlags: 0
  m_PrefabParentObject: {fileID: 0}
  m_PrefabInternal: {fileID: 0}
  m_GameObject: {fileID: 324066711}
  m_Enabled: 1
--- !u!20 &324066715
Camera:
  m_ObjectHideFlags: 0
  m_PrefabParentObject: {fileID: 0}
  m_PrefabInternal: {fileID: 0}
  m_GameObject: {fileID: 324066711}
  m_Enabled: 1
  serializedVersion: 2
  m_ClearFlags: 1
  m_BackGroundColor: {r: 0.19215687, g: 0.3019608, b: 0.4745098, a: 0}
  m_NormalizedViewPortRect:
    serializedVersion: 2
    x: 0
    y: 0
    width: 1
    height: 1
  near clip plane: 0.3
  far clip plane: 1000
  field of view: 60
  orthographic: 1
  orthographic size: 5
  m_Depth: -1
  m_CullingMask:
    serializedVersion: 2
    m_Bits: 4294967279
  m_RenderingPath: -1
  m_TargetTexture: {fileID: 0}
  m_TargetDisplay: 0
  m_TargetEye: 3
  m_HDR: 0
  m_OcclusionCulling: 1
  m_StereoConvergence: 10
  m_StereoSeparation: 0.022
  m_StereoMirrorMode: 0
--- !u!4 &324066716
Transform:
  m_ObjectHideFlags: 0
  m_PrefabParentObject: {fileID: 0}
  m_PrefabInternal: {fileID: 0}
  m_GameObject: {fileID: 324066711}
  m_LocalRotation: {x: 0, y: 0, z: 0, w: 1}
  m_LocalPosition: {x: 0, y: 0, z: -10}
  m_LocalScale: {x: 1, y: 1, z: 1}
  m_Children:
  - {fileID: 1749590449}
  m_Father: {fileID: 0}
  m_RootOrder: 1
  m_LocalEulerAnglesHint: {x: 0, y: 0, z: 0}
--- !u!114 &324066717
MonoBehaviour:
  m_ObjectHideFlags: 0
  m_PrefabParentObject: {fileID: 0}
  m_PrefabInternal: {fileID: 0}
  m_GameObject: {fileID: 324066711}
  m_Enabled: 1
  m_EditorHideFlags: 0
  m_Script: {fileID: 11500000, guid: 91398e10ef01f4cc3949595d7f4fc087, type: 3}
  m_Name: 
  m_EditorClassIdentifier: 
  pauseObject: {fileID: 0}
  flowchart: []
--- !u!1 &528003320
GameObject:
  m_ObjectHideFlags: 0
  m_PrefabParentObject: {fileID: 142980, guid: 5e7fbc8d4eb714b279eeeef2262c1e1a, type: 2}
  m_PrefabInternal: {fileID: 0}
  serializedVersion: 5
  m_Component:
  - component: {fileID: 528003333}
  - component: {fileID: 528003332}
  - component: {fileID: 528003331}
  - component: {fileID: 528003330}
  - component: {fileID: 528003329}
  - component: {fileID: 528003328}
  - component: {fileID: 528003327}
  - component: {fileID: 528003326}
  - component: {fileID: 528003325}
  - component: {fileID: 528003324}
  - component: {fileID: 528003323}
  - component: {fileID: 528003322}
  - component: {fileID: 528003321}
  - component: {fileID: 528003335}
  - component: {fileID: 528003334}
  - component: {fileID: 528003337}
  - component: {fileID: 528003336}
  - component: {fileID: 528003338}
  m_Layer: 0
  m_Name: FlowchartAppear
  m_TagString: Untagged
  m_Icon: {fileID: 0}
  m_NavMeshLayer: 0
  m_StaticEditorFlags: 0
  m_IsActive: 0
--- !u!114 &528003321
MonoBehaviour:
  m_ObjectHideFlags: 2
  m_PrefabParentObject: {fileID: 0}
  m_PrefabInternal: {fileID: 0}
  m_GameObject: {fileID: 528003320}
  m_Enabled: 1
  m_EditorHideFlags: 0
  m_Script: {fileID: 11500000, guid: 8ff5d850a887844fe87ae7d366d3ab5e, type: 3}
  m_Name: 
  m_EditorClassIdentifier: 
  parentBlock: {fileID: 528003331}
--- !u!114 &528003322
MonoBehaviour:
  m_ObjectHideFlags: 2
  m_PrefabParentObject: {fileID: 0}
  m_PrefabInternal: {fileID: 0}
  m_GameObject: {fileID: 528003320}
  m_Enabled: 1
  m_EditorHideFlags: 0
  m_Script: {fileID: 11500000, guid: bb3e86f556e074b84af1cc7eb8f8e5e7, type: 3}
  m_Name: 
  m_EditorClassIdentifier: 
  itemId: 10
  indentLevel: 0
  _sourceObject:
    gameObjectRef: {fileID: 0}
    gameObjectVal: {fileID: 107158, guid: add31a167134c4f4095d6610013a701f, type: 2}
  _parentTransform:
    transformRef: {fileID: 0}
    transformVal: {fileID: 2044261875}
  _spawnPosition:
    vector3Ref: {fileID: 0}
    vector3Val: {x: 0.451, y: 0, z: 0}
  _spawnRotation:
    vector3Ref: {fileID: 0}
    vector3Val: {x: 0, y: 0, z: 0}
  sourceObjectOLD: {fileID: 0}
  parentTransformOLD: {fileID: 0}
  spawnPositionOLD: {x: 0, y: 0, z: 0}
  spawnRotationOLD: {x: 0, y: 0, z: 0}
--- !u!114 &528003323
MonoBehaviour:
  m_ObjectHideFlags: 2
  m_PrefabParentObject: {fileID: 0}
  m_PrefabInternal: {fileID: 0}
  m_GameObject: {fileID: 528003320}
  m_Enabled: 1
  m_EditorHideFlags: 0
  m_Script: {fileID: 11500000, guid: 665e8847cab3749f597622c6c52997ad, type: 3}
  m_Name: 
  m_EditorClassIdentifier: 
  itemId: 9
  indentLevel: 0
  _targetObject:
    gameObjectRef: {fileID: 0}
    gameObjectVal: {fileID: 1125374298}
  _tweenName:
    stringRef: {fileID: 0}
    stringVal: 
  _duration:
    floatRef: {fileID: 0}
    floatVal: 1
  easeType: 2
  loopType: 0
  stopPreviousTweens: 0
  waitUntilFinished: 1
  targetObjectOLD: {fileID: 0}
  tweenNameOLD: 
  durationOLD: 0
  _toTransform:
    transformRef: {fileID: 0}
    transformVal: {fileID: 0}
  _toScale:
    vector3Ref: {fileID: 0}
    vector3Val: {x: 0.4, y: 0.4, z: 0.4}
  toTransformOLD: {fileID: 0}
  toScaleOLD: {x: 0, y: 0, z: 0}
--- !u!114 &528003324
MonoBehaviour:
  m_ObjectHideFlags: 2
  m_PrefabParentObject: {fileID: 0}
  m_PrefabInternal: {fileID: 0}
  m_GameObject: {fileID: 528003320}
  m_Enabled: 1
  m_EditorHideFlags: 0
  m_Script: {fileID: 11500000, guid: 4580f28dd8581476b810b38eea2f1316, type: 3}
  m_Name: 
  m_EditorClassIdentifier: 
  scope: 1
  key: Name
  value: 
--- !u!114 &528003325
MonoBehaviour:
  m_ObjectHideFlags: 2
  m_PrefabParentObject: {fileID: 0}
  m_PrefabInternal: {fileID: 0}
  m_GameObject: {fileID: 528003320}
  m_Enabled: 1
  m_EditorHideFlags: 0
  m_Script: {fileID: 11500000, guid: 61d25bbd9d6d747aeaa5d4bc828ba140, type: 3}
  m_Name: 
  m_EditorClassIdentifier: 
  itemId: 8
  indentLevel: 0
  storyText: cdzbdbdsf {$Name}
  description: 
  character: {fileID: 1125374300}
  portrait: {fileID: 0}
  voiceOverClip: {fileID: 0}
  showAlways: 1
  showCount: 1
  extendPrevious: 0
  fadeWhenDone: 1
  waitForClick: 1
  stopVoiceover: 1
  setSayDialog: {fileID: 0}
  primaryAnimation: 5
  secondaryAnimation: 1
  isFlipped: 0
--- !u!114 &528003326
MonoBehaviour:
  m_ObjectHideFlags: 2
  m_PrefabParentObject: {fileID: 0}
  m_PrefabInternal: {fileID: 0}
  m_GameObject: {fileID: 528003320}
  m_Enabled: 1
  m_EditorHideFlags: 0
  m_Script: {fileID: 11500000, guid: f222d5fc8dbec4026b27be53750c8ee7, type: 3}
  m_Name: 
  m_EditorClassIdentifier: 
  itemId: 7
  indentLevel: 0
  character: {fileID: 1125374300}
  useMultipleAnimation: 1
  primaryAnimation: 5
  secondaryAnimation: 7
  isFlipped: 0
  _duration:
    floatRef: {fileID: 0}
    floatVal: 0
--- !u!114 &528003327
MonoBehaviour:
  m_ObjectHideFlags: 2
  m_PrefabParentObject: {fileID: 0}
  m_PrefabInternal: {fileID: 0}
  m_GameObject: {fileID: 528003320}
  m_Enabled: 1
  m_EditorHideFlags: 0
  m_Script: {fileID: 11500000, guid: a97495aa551ff4ef58b5ffd2d4618f7b, type: 3}
  m_Name: 
  m_EditorClassIdentifier: 
  itemId: 6
  indentLevel: 0
  _targetObject:
    gameObjectRef: {fileID: 0}
    gameObjectVal: {fileID: 1125374298}
  _tweenName:
    stringRef: {fileID: 0}
    stringVal: 
  _duration:
    floatRef: {fileID: 0}
    floatVal: 1
  easeType: 2
  loopType: 0
  stopPreviousTweens: 0
  waitUntilFinished: 1
  targetObjectOLD: {fileID: 0}
  tweenNameOLD: 
  durationOLD: 0
  character: {fileID: 1125374300}
  _toTransform:
    transformRef: {fileID: 0}
    transformVal: {fileID: 0}
  _toPosition:
    vector3Ref: {fileID: 0}
    vector3Val: {x: 0, y: 0, z: 0}
  isLocal: 0
  toTransformOLD: {fileID: 0}
  toPositionOLD: {x: 0, y: 0, z: 0}
--- !u!114 &528003328
MonoBehaviour:
  m_ObjectHideFlags: 2
  m_PrefabParentObject: {fileID: 0}
  m_PrefabInternal: {fileID: 0}
  m_GameObject: {fileID: 528003320}
  m_Enabled: 1
  m_EditorHideFlags: 0
  m_Script: {fileID: 11500000, guid: bb3e86f556e074b84af1cc7eb8f8e5e7, type: 3}
  m_Name: 
  m_EditorClassIdentifier: 
  itemId: 5
  indentLevel: 0
  _sourceObject:
    gameObjectRef: {fileID: 0}
    gameObjectVal: {fileID: 1000013613501260, guid: 6fe1b8068627361498da4d71da8c4651,
      type: 2}
  _parentTransform:
    transformRef: {fileID: 0}
    transformVal: {fileID: 1125374299}
  _spawnPosition:
    vector3Ref: {fileID: 0}
    vector3Val: {x: 0, y: -10, z: 0}
  _spawnRotation:
    vector3Ref: {fileID: 0}
    vector3Val: {x: 0, y: 0, z: 0}
  sourceObjectOLD: {fileID: 0}
  parentTransformOLD: {fileID: 0}
  spawnPositionOLD: {x: 0, y: 0, z: 0}
  spawnRotationOLD: {x: 0, y: 0, z: 0}
--- !u!114 &528003329
MonoBehaviour:
  m_ObjectHideFlags: 2
  m_PrefabParentObject: {fileID: 0}
  m_PrefabInternal: {fileID: 0}
  m_GameObject: {fileID: 528003320}
  m_Enabled: 1
  m_EditorHideFlags: 0
  m_Script: {fileID: 11500000, guid: 3315ad2ebb85443909a1203d56d9344e, type: 3}
  m_Name: 
  m_EditorClassIdentifier: 
  itemId: 2
  indentLevel: 0
  _duration:
    floatRef: {fileID: 0}
    floatVal: 1
  durationOLD: 0
--- !u!114 &528003330
MonoBehaviour:
  m_ObjectHideFlags: 2
  m_PrefabParentObject: {fileID: 0}
  m_PrefabInternal: {fileID: 0}
  m_GameObject: {fileID: 528003320}
  m_Enabled: 1
  m_EditorHideFlags: 0
  m_Script: {fileID: 11500000, guid: ec422cd568a9c4a31ad7c36d0572b9da, type: 3}
  m_Name: 
  m_EditorClassIdentifier: 
  itemId: 1
  indentLevel: 0
  storyText: Blah Blah Blah
  description: 
  character: {fileID: 1125374300}
  portrait: {fileID: 0}
  voiceOverClip: {fileID: 0}
  showAlways: 1
  showCount: 1
  extendPrevious: 0
  fadeWhenDone: 1
  waitForClick: 1
  stopVoiceover: 1
  setSayDialog: {fileID: 1050575316}
--- !u!114 &528003331
MonoBehaviour:
  m_ObjectHideFlags: 2
  m_PrefabParentObject: {fileID: 11433304, guid: 5e7fbc8d4eb714b279eeeef2262c1e1a,
    type: 2}
  m_PrefabInternal: {fileID: 0}
  m_GameObject: {fileID: 528003320}
  m_Enabled: 1
  m_EditorHideFlags: 0
  m_Script: {fileID: 11500000, guid: 3d3d73aef2cfc4f51abf34ac00241f60, type: 3}
  m_Name: 
  m_EditorClassIdentifier: 
  nodeRect:
    serializedVersion: 2
    x: 67
    y: 68.27316
    width: 120
    height: 40
  tint: {r: 1, g: 1, b: 1, a: 1}
  useCustomTint: 0
  itemId: 0
  blockName: New Block
  description: 
  eventHandler: {fileID: 528003321}
  commandList:
  - {fileID: 528003329}
  - {fileID: 528003328}
  - {fileID: 528003323}
  - {fileID: 528003330}
  - {fileID: 528003327}
  - {fileID: 528003326}
  - {fileID: 528003325}
  - {fileID: 528003335}
  - {fileID: 528003337}
  - {fileID: 528003322}
  - {fileID: 528003336}
  - {fileID: 528003334}
  - {fileID: 528003338}
--- !u!114 &528003332
MonoBehaviour:
  m_ObjectHideFlags: 0
  m_PrefabParentObject: {fileID: 11430050, guid: 5e7fbc8d4eb714b279eeeef2262c1e1a,
    type: 2}
  m_PrefabInternal: {fileID: 0}
  m_GameObject: {fileID: 528003320}
  m_Enabled: 1
  m_EditorHideFlags: 0
  m_Script: {fileID: 11500000, guid: 7a334fe2ffb574b3583ff3b18b4792d3, type: 3}
  m_Name: 
  m_EditorClassIdentifier: 
  version: 1
  scrollPos: {x: 158.72467, y: 115.46367}
  variablesScrollPos: {x: 0, y: 0}
  variablesExpanded: 1
  blockViewHeight: 340
  zoom: 0.318264
  scrollViewRect:
    serializedVersion: 2
    x: -417.79205
    y: -439.90826
    width: 1188.792
    height: 958.90826
  selectedBlocks: []
  selectedCommands: []
  variables:
  - {fileID: 528003324}
  description: 
  stepPause: 0
  colorCommands: 1
  hideComponents: 1
  saveSelection: 1
  localizationId: 
  showLineNumbers: 0
  hideCommands: []
  luaEnvironment: {fileID: 0}
  luaBindingName: flowchart
--- !u!4 &528003333
Transform:
  m_ObjectHideFlags: 0
  m_PrefabParentObject: {fileID: 467082, guid: 5e7fbc8d4eb714b279eeeef2262c1e1a, type: 2}
  m_PrefabInternal: {fileID: 0}
  m_GameObject: {fileID: 528003320}
  m_LocalRotation: {x: 0, y: 0, z: 0, w: 1}
  m_LocalPosition: {x: 0, y: 0, z: 0}
  m_LocalScale: {x: 1, y: 1, z: 1}
  m_Children: []
  m_Father: {fileID: 0}
  m_RootOrder: 9
  m_LocalEulerAnglesHint: {x: 0, y: 0, z: 0}
--- !u!114 &528003334
MonoBehaviour:
  m_ObjectHideFlags: 2
  m_PrefabParentObject: {fileID: 0}
  m_PrefabInternal: {fileID: 0}
  m_GameObject: {fileID: 528003320}
  m_Enabled: 1
  m_EditorHideFlags: 0
  m_Script: {fileID: 11500000, guid: dbd8c931f22994b9d90e2037fffaa770, type: 3}
  m_Name: 
  m_EditorClassIdentifier: 
  itemId: 12
  indentLevel: 0
  _targetGameObject:
    gameObjectRef: {fileID: 0}
    gameObjectVal: {fileID: 1125374298}
  activeState:
    booleanRef: {fileID: 0}
    booleanVal: 1
  targetGameObjectOLD: {fileID: 0}
--- !u!114 &528003335
MonoBehaviour:
  m_ObjectHideFlags: 2
  m_PrefabParentObject: {fileID: 0}
  m_PrefabInternal: {fileID: 0}
  m_GameObject: {fileID: 528003320}
  m_Enabled: 1
  m_EditorHideFlags: 0
  m_Script: {fileID: 11500000, guid: dbd8c931f22994b9d90e2037fffaa770, type: 3}
  m_Name: 
  m_EditorClassIdentifier: 
  itemId: 11
  indentLevel: 0
  _targetGameObject:
    gameObjectRef: {fileID: 0}
    gameObjectVal: {fileID: 1125374298}
  activeState:
    booleanRef: {fileID: 0}
    booleanVal: 0
  targetGameObjectOLD: {fileID: 0}
--- !u!114 &528003336
MonoBehaviour:
  m_ObjectHideFlags: 2
  m_PrefabParentObject: {fileID: 0}
  m_PrefabInternal: {fileID: 0}
  m_GameObject: {fileID: 528003320}
  m_Enabled: 1
  m_EditorHideFlags: 0
  m_Script: {fileID: 11500000, guid: 3315ad2ebb85443909a1203d56d9344e, type: 3}
  m_Name: 
  m_EditorClassIdentifier: 
  itemId: 14
  indentLevel: 0
  _duration:
    floatRef: {fileID: 0}
    floatVal: 3
  durationOLD: 0
--- !u!114 &528003337
MonoBehaviour:
  m_ObjectHideFlags: 2
  m_PrefabParentObject: {fileID: 0}
  m_PrefabInternal: {fileID: 0}
  m_GameObject: {fileID: 528003320}
  m_Enabled: 1
  m_EditorHideFlags: 0
  m_Script: {fileID: 11500000, guid: 3315ad2ebb85443909a1203d56d9344e, type: 3}
  m_Name: 
  m_EditorClassIdentifier: 
  itemId: 13
  indentLevel: 0
  _duration:
    floatRef: {fileID: 0}
    floatVal: 2
  durationOLD: 0
--- !u!114 &528003338
MonoBehaviour:
  m_ObjectHideFlags: 2
  m_PrefabParentObject: {fileID: 0}
  m_PrefabInternal: {fileID: 0}
  m_GameObject: {fileID: 528003320}
  m_Enabled: 1
  m_EditorHideFlags: 0
  m_Script: {fileID: 11500000, guid: d81be3d7e84da460788dccea95a3313a, type: 3}
  m_Name: 
  m_EditorClassIdentifier: 
  itemId: 15
  indentLevel: 0
  _targetGameObject:
    gameObjectRef: {fileID: 0}
    gameObjectVal: {fileID: 2044261874}
  targetGameObjectOLD: {fileID: 0}
--- !u!1 &728080138
GameObject:
  m_ObjectHideFlags: 0
  m_PrefabParentObject: {fileID: 188900, guid: 8a005a9e0713f4cc1b5ad29fb07657d3, type: 2}
  m_PrefabInternal: {fileID: 0}
  serializedVersion: 5
  m_Component:
  - component: {fileID: 728080143}
  - component: {fileID: 728080142}
  - component: {fileID: 728080141}
  - component: {fileID: 728080140}
  - component: {fileID: 728080139}
  m_Layer: 5
  m_Name: Panel
  m_TagString: Untagged
  m_Icon: {fileID: 0}
  m_NavMeshLayer: 0
  m_StaticEditorFlags: 0
  m_IsActive: 1
--- !u!114 &728080139
MonoBehaviour:
  m_ObjectHideFlags: 0
  m_PrefabParentObject: {fileID: 11478524, guid: 8a005a9e0713f4cc1b5ad29fb07657d3,
    type: 2}
  m_PrefabInternal: {fileID: 0}
  m_GameObject: {fileID: 728080138}
  m_Enabled: 1
  m_EditorHideFlags: 0
  m_Script: {fileID: -1862395651, guid: f5f67c52d1564df4a8936ccd202a3bd8, type: 3}
  m_Name: 
  m_EditorClassIdentifier: 
  m_Delegates:
  - eventID: 4
    callback:
      m_PersistentCalls:
        m_Calls:
        - m_Target: {fileID: 1050575313}
          m_MethodName: SetDialogClickedFlag
          m_Mode: 1
          m_Arguments:
            m_ObjectArgument: {fileID: 0}
            m_ObjectArgumentAssemblyTypeName: UnityEngine.Object, UnityEngine
            m_IntArgument: 0
            m_FloatArgument: 0
            m_StringArgument: 
            m_BoolArgument: 0
          m_CallState: 2
      m_TypeName: UnityEngine.EventSystems.EventTrigger+TriggerEvent, UnityEngine.UI,
        Version=1.0.0.0, Culture=neutral, PublicKeyToken=null
  delegates: []
--- !u!225 &728080140
CanvasGroup:
  m_ObjectHideFlags: 0
  m_PrefabParentObject: {fileID: 22583964, guid: 8a005a9e0713f4cc1b5ad29fb07657d3,
    type: 2}
  m_PrefabInternal: {fileID: 0}
  m_GameObject: {fileID: 728080138}
  m_Enabled: 1
  m_Alpha: 1
  m_Interactable: 1
  m_BlocksRaycasts: 1
  m_IgnoreParentGroups: 0
--- !u!114 &728080141
MonoBehaviour:
  m_ObjectHideFlags: 0
  m_PrefabParentObject: {fileID: 11488904, guid: 8a005a9e0713f4cc1b5ad29fb07657d3,
    type: 2}
  m_PrefabInternal: {fileID: 0}
  m_GameObject: {fileID: 728080138}
  m_Enabled: 1
  m_EditorHideFlags: 0
  m_Script: {fileID: -765806418, guid: f5f67c52d1564df4a8936ccd202a3bd8, type: 3}
  m_Name: 
  m_EditorClassIdentifier: 
  m_Material: {fileID: 0}
  m_Color: {r: 1, g: 1, b: 1, a: 1}
  m_RaycastTarget: 1
  m_OnCullStateChanged:
    m_PersistentCalls:
      m_Calls: []
    m_TypeName: UnityEngine.UI.MaskableGraphic+CullStateChangedEvent, UnityEngine.UI,
      Version=1.0.0.0, Culture=neutral, PublicKeyToken=null
  m_Sprite: {fileID: 21300000, guid: e8ab00ef0d9684dcb9deb52811d91218, type: 3}
  m_Type: 1
  m_PreserveAspect: 1
  m_FillCenter: 1
  m_FillMethod: 0
  m_FillAmount: 1
  m_FillClockwise: 1
  m_FillOrigin: 0
--- !u!222 &728080142
CanvasRenderer:
  m_ObjectHideFlags: 0
  m_PrefabParentObject: {fileID: 22288900, guid: 8a005a9e0713f4cc1b5ad29fb07657d3,
    type: 2}
  m_PrefabInternal: {fileID: 0}
  m_GameObject: {fileID: 728080138}
--- !u!224 &728080143
RectTransform:
  m_ObjectHideFlags: 0
  m_PrefabParentObject: {fileID: 22488900, guid: 8a005a9e0713f4cc1b5ad29fb07657d3,
    type: 2}
  m_PrefabInternal: {fileID: 0}
  m_GameObject: {fileID: 728080138}
  m_LocalRotation: {x: 0, y: 0, z: 0, w: 1}
  m_LocalPosition: {x: 0, y: 0, z: 0}
  m_LocalScale: {x: 1, y: 1, z: 1}
  m_Children:
  - {fileID: 1339491250}
  - {fileID: 1221417070}
  - {fileID: 1710321490}
  m_Father: {fileID: 1050575321}
  m_RootOrder: 0
  m_LocalEulerAnglesHint: {x: 0, y: 0, z: 0}
  m_AnchorMin: {x: 0.5, y: 0}
  m_AnchorMax: {x: 0.5, y: 0}
  m_AnchoredPosition: {x: -337.14, y: 0}
  m_SizeDelta: {x: 674.28, y: 335}
  m_Pivot: {x: 0, y: 0}
--- !u!1 &884950932
GameObject:
  m_ObjectHideFlags: 0
  m_PrefabParentObject: {fileID: 0}
  m_PrefabInternal: {fileID: 0}
  serializedVersion: 5
  m_Component:
  - component: {fileID: 884950936}
  - component: {fileID: 884950935}
  - component: {fileID: 884950934}
  - component: {fileID: 884950933}
  m_Layer: 0
  m_Name: EventSystem
  m_TagString: Untagged
  m_Icon: {fileID: 0}
  m_NavMeshLayer: 0
  m_StaticEditorFlags: 0
  m_IsActive: 1
--- !u!114 &884950933
MonoBehaviour:
  m_ObjectHideFlags: 0
  m_PrefabParentObject: {fileID: 0}
  m_PrefabInternal: {fileID: 0}
  m_GameObject: {fileID: 884950932}
  m_Enabled: 1
  m_EditorHideFlags: 0
  m_Script: {fileID: 1997211142, guid: f5f67c52d1564df4a8936ccd202a3bd8, type: 3}
  m_Name: 
  m_EditorClassIdentifier: 
  m_ForceModuleActive: 0
--- !u!114 &884950934
MonoBehaviour:
  m_ObjectHideFlags: 0
  m_PrefabParentObject: {fileID: 0}
  m_PrefabInternal: {fileID: 0}
  m_GameObject: {fileID: 884950932}
  m_Enabled: 1
  m_EditorHideFlags: 0
  m_Script: {fileID: 1077351063, guid: f5f67c52d1564df4a8936ccd202a3bd8, type: 3}
  m_Name: 
  m_EditorClassIdentifier: 
  m_HorizontalAxis: Horizontal
  m_VerticalAxis: Vertical
  m_SubmitButton: Submit
  m_CancelButton: Cancel
  m_InputActionsPerSecond: 10
  m_RepeatDelay: 0.5
  m_ForceModuleActive: 0
--- !u!114 &884950935
MonoBehaviour:
  m_ObjectHideFlags: 0
  m_PrefabParentObject: {fileID: 0}
  m_PrefabInternal: {fileID: 0}
  m_GameObject: {fileID: 884950932}
  m_Enabled: 1
  m_EditorHideFlags: 0
  m_Script: {fileID: -619905303, guid: f5f67c52d1564df4a8936ccd202a3bd8, type: 3}
  m_Name: 
  m_EditorClassIdentifier: 
  m_FirstSelected: {fileID: 0}
  m_sendNavigationEvents: 1
  m_DragThreshold: 5
--- !u!4 &884950936
Transform:
  m_ObjectHideFlags: 0
  m_PrefabParentObject: {fileID: 0}
  m_PrefabInternal: {fileID: 0}
  m_GameObject: {fileID: 884950932}
  m_LocalRotation: {x: 0, y: 0, z: 0, w: 1}
  m_LocalPosition: {x: 0, y: 0, z: 0}
  m_LocalScale: {x: 1, y: 1, z: 1}
  m_Children: []
  m_Father: {fileID: 0}
  m_RootOrder: 8
  m_LocalEulerAnglesHint: {x: 0, y: 0, z: 0}
--- !u!1 &897835491
GameObject:
  m_ObjectHideFlags: 0
  m_PrefabParentObject: {fileID: 155030, guid: 8a005a9e0713f4cc1b5ad29fb07657d3, type: 2}
  m_PrefabInternal: {fileID: 0}
  serializedVersion: 5
  m_Component:
  - component: {fileID: 897835492}
  - component: {fileID: 897835494}
  - component: {fileID: 897835493}
  m_Layer: 5
  m_Name: Text
  m_TagString: Untagged
  m_Icon: {fileID: 0}
  m_NavMeshLayer: 0
  m_StaticEditorFlags: 0
  m_IsActive: 1
--- !u!224 &897835492
RectTransform:
  m_ObjectHideFlags: 0
  m_PrefabParentObject: {fileID: 22443574, guid: 8a005a9e0713f4cc1b5ad29fb07657d3,
    type: 2}
  m_PrefabInternal: {fileID: 0}
  m_GameObject: {fileID: 897835491}
  m_LocalRotation: {x: 0, y: 0, z: 0, w: 1}
  m_LocalPosition: {x: 0, y: 0, z: 0}
  m_LocalScale: {x: 1, y: 1, z: 1}
  m_Children: []
  m_Father: {fileID: 35074330}
  m_RootOrder: 0
  m_LocalEulerAnglesHint: {x: 0, y: 0, z: 0}
  m_AnchorMin: {x: 0, y: 0}
  m_AnchorMax: {x: 1, y: 1}
  m_AnchoredPosition: {x: 0, y: 0}
  m_SizeDelta: {x: 0, y: 0}
  m_Pivot: {x: 0.5, y: 0.5}
--- !u!114 &897835493
MonoBehaviour:
  m_ObjectHideFlags: 0
  m_PrefabParentObject: {fileID: 11431470, guid: 8a005a9e0713f4cc1b5ad29fb07657d3,
    type: 2}
  m_PrefabInternal: {fileID: 0}
  m_GameObject: {fileID: 897835491}
  m_Enabled: 1
  m_EditorHideFlags: 0
  m_Script: {fileID: 708705254, guid: f5f67c52d1564df4a8936ccd202a3bd8, type: 3}
  m_Name: 
  m_EditorClassIdentifier: 
  m_Material: {fileID: 0}
  m_Color: {r: 0.19607843, g: 0.19607843, b: 0.19607843, a: 1}
  m_RaycastTarget: 1
  m_OnCullStateChanged:
    m_PersistentCalls:
      m_Calls: []
    m_TypeName: UnityEngine.UI.MaskableGraphic+CullStateChangedEvent, UnityEngine.UI,
      Version=1.0.0.0, Culture=neutral, PublicKeyToken=null
  m_FontData:
    m_Font: {fileID: 10102, guid: 0000000000000000e000000000000000, type: 0}
    m_FontSize: 14
    m_FontStyle: 0
    m_BestFit: 0
    m_MinSize: 10
    m_MaxSize: 40
    m_Alignment: 4
    m_AlignByGeometry: 0
    m_RichText: 1
    m_HorizontalOverflow: 0
    m_VerticalOverflow: 0
    m_LineSpacing: 1
  m_Text: 
--- !u!222 &897835494
CanvasRenderer:
  m_ObjectHideFlags: 0
  m_PrefabParentObject: {fileID: 22257884, guid: 8a005a9e0713f4cc1b5ad29fb07657d3,
    type: 2}
  m_PrefabInternal: {fileID: 0}
  m_GameObject: {fileID: 897835491}
--- !u!1 &1050575311
GameObject:
  m_ObjectHideFlags: 0
  m_PrefabParentObject: {fileID: 188902, guid: 8a005a9e0713f4cc1b5ad29fb07657d3, type: 2}
  m_PrefabInternal: {fileID: 0}
  serializedVersion: 5
  m_Component:
  - component: {fileID: 1050575321}
  - component: {fileID: 1050575320}
  - component: {fileID: 1050575319}
  - component: {fileID: 1050575318}
  - component: {fileID: 1050575317}
  - component: {fileID: 1050575316}
  - component: {fileID: 1050575315}
  - component: {fileID: 1050575314}
  - component: {fileID: 1050575313}
  - component: {fileID: 1050575312}
  m_Layer: 5
  m_Name: SayDialog
  m_TagString: Untagged
  m_Icon: {fileID: 0}
  m_NavMeshLayer: 0
  m_StaticEditorFlags: 0
  m_IsActive: 1
--- !u!82 &1050575312
AudioSource:
  m_ObjectHideFlags: 0
  m_PrefabParentObject: {fileID: 8294266, guid: 8a005a9e0713f4cc1b5ad29fb07657d3,
    type: 2}
  m_PrefabInternal: {fileID: 0}
  m_GameObject: {fileID: 1050575311}
  m_Enabled: 1
  serializedVersion: 4
  OutputAudioMixerGroup: {fileID: 0}
  m_audioClip: {fileID: 0}
  m_PlayOnAwake: 0
  m_Volume: 1
  m_Pitch: 1
  Loop: 0
  Mute: 0
  Spatialize: 0
  SpatializePostEffects: 0
  Priority: 128
  DopplerLevel: 1
  MinDistance: 1
  MaxDistance: 500
  Pan2D: 0
  rolloffMode: 0
  BypassEffects: 0
  BypassListenerEffects: 0
  BypassReverbZones: 0
  rolloffCustomCurve:
    serializedVersion: 2
    m_Curve:
    - serializedVersion: 2
      time: 0
      value: 1
      inSlope: 0
      outSlope: 0
      tangentMode: 0
    - serializedVersion: 2
      time: 1
      value: 0
      inSlope: 0
      outSlope: 0
      tangentMode: 0
    m_PreInfinity: 2
    m_PostInfinity: 2
    m_RotationOrder: 4
  panLevelCustomCurve:
    serializedVersion: 2
    m_Curve:
    - serializedVersion: 2
      time: 0
      value: 0
      inSlope: 0
      outSlope: 0
      tangentMode: 0
    m_PreInfinity: 2
    m_PostInfinity: 2
    m_RotationOrder: 0
  spreadCustomCurve:
    serializedVersion: 2
    m_Curve:
    - serializedVersion: 2
      time: 0
      value: 0
      inSlope: 0
      outSlope: 0
      tangentMode: 0
    m_PreInfinity: 2
    m_PostInfinity: 2
    m_RotationOrder: 4
  reverbZoneMixCustomCurve:
    serializedVersion: 2
    m_Curve:
    - serializedVersion: 2
      time: 0
      value: 1
      inSlope: 0
      outSlope: 0
      tangentMode: 0
    m_PreInfinity: 2
    m_PostInfinity: 2
    m_RotationOrder: 0
--- !u!114 &1050575313
MonoBehaviour:
  m_ObjectHideFlags: 0
  m_PrefabParentObject: {fileID: 11481894, guid: 8a005a9e0713f4cc1b5ad29fb07657d3,
    type: 2}
  m_PrefabInternal: {fileID: 0}
  m_GameObject: {fileID: 1050575311}
  m_Enabled: 1
  m_EditorHideFlags: 0
  m_Script: {fileID: 11500000, guid: 43b85556abd314f3f870c18c013fdcef, type: 3}
  m_Name: 
  m_EditorClassIdentifier: 
  clickMode: 1
  nextClickDelay: 0
  cancelEnabled: 1
  ignoreMenuClicks: 1
--- !u!114 &1050575314
MonoBehaviour:
  m_ObjectHideFlags: 0
  m_PrefabParentObject: {fileID: 11404316, guid: 8a005a9e0713f4cc1b5ad29fb07657d3,
    type: 2}
  m_PrefabInternal: {fileID: 0}
  m_GameObject: {fileID: 1050575311}
  m_Enabled: 1
  m_EditorHideFlags: 0
  m_Script: {fileID: 11500000, guid: c4782cf42f2644447b9631f6e522160b, type: 3}
  m_Name: 
  m_EditorClassIdentifier: 
  volume: 1
  loop: 1
  targetAudioSource: {fileID: 0}
  audioMode: 0
  beepSounds:
  - {fileID: 8300000, guid: 774486030b696474e8b3cf7f178123da, type: 3}
  - {fileID: 8300000, guid: f637c5ce9d10e45c7855ed89bfc6b97e, type: 3}
  - {fileID: 8300000, guid: c53b7c20372e444c6bd7f2ac0729bbe2, type: 3}
  soundEffect: {fileID: 0}
  inputSound: {fileID: 8300000, guid: 14a396b1562834718b2d52b9c4639264, type: 3}
--- !u!114 &1050575315
MonoBehaviour:
  m_ObjectHideFlags: 0
  m_PrefabParentObject: {fileID: 11487070, guid: 8a005a9e0713f4cc1b5ad29fb07657d3,
    type: 2}
  m_PrefabInternal: {fileID: 0}
  m_GameObject: {fileID: 1050575311}
  m_Enabled: 1
  m_EditorHideFlags: 0
  m_Script: {fileID: 11500000, guid: a676940fce6344af1a70043b089a6c14, type: 3}
  m_Name: 
  m_EditorClassIdentifier: 
  targetTextObject: {fileID: 1710321489}
  punchObject: {fileID: 728080138}
  writingSpeed: 60
  punctuationPause: 0.25
  hiddenTextColor: {r: 1, g: 1, b: 1, a: 0}
  writeWholeWords: 0
  forceRichText: 1
  instantComplete: 1
--- !u!114 &1050575316
MonoBehaviour:
  m_ObjectHideFlags: 0
  m_PrefabParentObject: {fileID: 11488894, guid: 8a005a9e0713f4cc1b5ad29fb07657d3,
    type: 2}
  m_PrefabInternal: {fileID: 0}
  m_GameObject: {fileID: 1050575311}
  m_Enabled: 1
  m_EditorHideFlags: 0
  m_Script: {fileID: 11500000, guid: 3a0bbe22c246e4c78ad8e9816cbae9d5, type: 3}
  m_Name: 
  m_EditorClassIdentifier: 
  fadeDuration: 0.25
  continueButton: {fileID: 35074331}
  dialogCanvas: {fileID: 1050575320}
  nameText: {fileID: 1339491251}
  storyText: {fileID: 1710321492}
  characterImage: {fileID: 1221417072}
  fitTextWithImage: 1
  closeOtherDialogs: 0
--- !u!114 &1050575317
MonoBehaviour:
  m_ObjectHideFlags: 0
  m_PrefabParentObject: {fileID: 11486804, guid: 8a005a9e0713f4cc1b5ad29fb07657d3,
    type: 2}
  m_PrefabInternal: {fileID: 0}
  m_GameObject: {fileID: 1050575311}
  m_Enabled: 1
  m_EditorHideFlags: 0
  m_Script: {fileID: 1301386320, guid: f5f67c52d1564df4a8936ccd202a3bd8, type: 3}
  m_Name: 
  m_EditorClassIdentifier: 
  m_IgnoreReversedGraphics: 1
  m_BlockingObjects: 0
  m_BlockingMask:
    serializedVersion: 2
    m_Bits: 4294967295
--- !u!225 &1050575318
CanvasGroup:
  m_ObjectHideFlags: 0
  m_PrefabParentObject: {fileID: 22588896, guid: 8a005a9e0713f4cc1b5ad29fb07657d3,
    type: 2}
  m_PrefabInternal: {fileID: 0}
  m_GameObject: {fileID: 1050575311}
  m_Enabled: 1
  m_Alpha: 1
  m_Interactable: 1
  m_BlocksRaycasts: 1
  m_IgnoreParentGroups: 0
--- !u!114 &1050575319
MonoBehaviour:
  m_ObjectHideFlags: 0
  m_PrefabParentObject: {fileID: 11488906, guid: 8a005a9e0713f4cc1b5ad29fb07657d3,
    type: 2}
  m_PrefabInternal: {fileID: 0}
  m_GameObject: {fileID: 1050575311}
  m_Enabled: 1
  m_EditorHideFlags: 0
  m_Script: {fileID: 1980459831, guid: f5f67c52d1564df4a8936ccd202a3bd8, type: 3}
  m_Name: 
  m_EditorClassIdentifier: 
  m_UiScaleMode: 1
  m_ReferencePixelsPerUnit: 32
  m_ScaleFactor: 1
  m_ReferenceResolution: {x: 1600, y: 1200}
  m_ScreenMatchMode: 0
  m_MatchWidthOrHeight: 1
  m_PhysicalUnit: 3
  m_FallbackScreenDPI: 96
  m_DefaultSpriteDPI: 96
  m_DynamicPixelsPerUnit: 1
--- !u!223 &1050575320
Canvas:
  m_ObjectHideFlags: 0
  m_PrefabParentObject: {fileID: 22388894, guid: 8a005a9e0713f4cc1b5ad29fb07657d3,
    type: 2}
  m_PrefabInternal: {fileID: 0}
  m_GameObject: {fileID: 1050575311}
  m_Enabled: 1
  serializedVersion: 2
  m_RenderMode: 0
  m_Camera: {fileID: 0}
  m_PlaneDistance: 100
  m_PixelPerfect: 1
  m_ReceivesEvents: 1
  m_OverrideSorting: 0
  m_OverridePixelPerfect: 0
  m_SortingBucketNormalizedSize: 0
  m_SortingLayerID: 0
  m_SortingOrder: 1
  m_TargetDisplay: 0
--- !u!224 &1050575321
RectTransform:
  m_ObjectHideFlags: 0
  m_PrefabParentObject: {fileID: 22488902, guid: 8a005a9e0713f4cc1b5ad29fb07657d3,
    type: 2}
  m_PrefabInternal: {fileID: 0}
  m_GameObject: {fileID: 1050575311}
  m_LocalRotation: {x: 0, y: 0, z: 0, w: 1}
  m_LocalPosition: {x: 0, y: 0, z: 0}
  m_LocalScale: {x: 0, y: 0, z: 0}
  m_Children:
  - {fileID: 728080143}
  m_Father: {fileID: 0}
  m_RootOrder: 3
  m_LocalEulerAnglesHint: {x: 0, y: 0, z: 0}
  m_AnchorMin: {x: 0, y: 0}
  m_AnchorMax: {x: 0, y: 0}
  m_AnchoredPosition: {x: 0, y: 0}
  m_SizeDelta: {x: 0, y: 0}
  m_Pivot: {x: 0, y: 0}
--- !u!1001 &1112349135
Prefab:
  m_ObjectHideFlags: 0
  serializedVersion: 2
  m_Modification:
    m_TransformParent: {fileID: 0}
    m_Modifications:
    - target: {fileID: 4000014128104314, guid: d78d9966f0e424c4c8166b910df2f75a, type: 2}
      propertyPath: m_LocalPosition.x
      value: 0.19
      objectReference: {fileID: 0}
    - target: {fileID: 4000014128104314, guid: d78d9966f0e424c4c8166b910df2f75a, type: 2}
      propertyPath: m_LocalPosition.y
      value: -9.96
      objectReference: {fileID: 0}
    - target: {fileID: 4000014128104314, guid: d78d9966f0e424c4c8166b910df2f75a, type: 2}
      propertyPath: m_LocalPosition.z
      value: 0
      objectReference: {fileID: 0}
    - target: {fileID: 4000014128104314, guid: d78d9966f0e424c4c8166b910df2f75a, type: 2}
      propertyPath: m_LocalRotation.x
      value: 0
      objectReference: {fileID: 0}
    - target: {fileID: 4000014128104314, guid: d78d9966f0e424c4c8166b910df2f75a, type: 2}
      propertyPath: m_LocalRotation.y
      value: 0
      objectReference: {fileID: 0}
    - target: {fileID: 4000014128104314, guid: d78d9966f0e424c4c8166b910df2f75a, type: 2}
      propertyPath: m_LocalRotation.z
      value: 0
      objectReference: {fileID: 0}
    - target: {fileID: 4000014128104314, guid: d78d9966f0e424c4c8166b910df2f75a, type: 2}
      propertyPath: m_LocalRotation.w
      value: 1
      objectReference: {fileID: 0}
    - target: {fileID: 4000014128104314, guid: d78d9966f0e424c4c8166b910df2f75a, type: 2}
      propertyPath: m_RootOrder
      value: 11
      objectReference: {fileID: 0}
    - target: {fileID: 1000011449320904, guid: d78d9966f0e424c4c8166b910df2f75a, type: 2}
      propertyPath: m_IsActive
      value: 0
      objectReference: {fileID: 0}
    m_RemovedComponents: []
  m_ParentPrefab: {fileID: 100100000, guid: d78d9966f0e424c4c8166b910df2f75a, type: 2}
  m_IsPrefabParent: 0
--- !u!1 &1125374298
GameObject:
  m_ObjectHideFlags: 0
  m_PrefabParentObject: {fileID: 0}
  m_PrefabInternal: {fileID: 0}
  serializedVersion: 5
  m_Component:
  - component: {fileID: 1125374299}
  - component: {fileID: 1125374300}
  m_Layer: 0
  m_Name: ProxyCharacter1
  m_TagString: Untagged
  m_Icon: {fileID: 0}
  m_NavMeshLayer: 0
  m_StaticEditorFlags: 0
  m_IsActive: 1
--- !u!4 &1125374299
Transform:
  m_ObjectHideFlags: 0
  m_PrefabParentObject: {fileID: 0}
  m_PrefabInternal: {fileID: 0}
  m_GameObject: {fileID: 1125374298}
  m_LocalRotation: {x: 0, y: 0, z: 0, w: 1}
  m_LocalPosition: {x: 0, y: 0, z: 0}
  m_LocalScale: {x: 1, y: 1, z: 1}
  m_Children: []
  m_Father: {fileID: 117893501}
  m_RootOrder: 1
  m_LocalEulerAnglesHint: {x: 0, y: 0, z: 0}
--- !u!114 &1125374300
MonoBehaviour:
  m_ObjectHideFlags: 0
  m_PrefabParentObject: {fileID: 0}
  m_PrefabInternal: {fileID: 0}
  m_GameObject: {fileID: 1125374298}
  m_Enabled: 1
  m_EditorHideFlags: 0
  m_Script: {fileID: 11500000, guid: e71ab1bf1246b4acc85b02c1b7a1cb70, type: 3}
  m_Name: 
  m_EditorClassIdentifier: 
  nameText: 
  nameColor: {r: 1, g: 1, b: 1, a: 1}
  soundEffect: {fileID: 0}
  portraits: []
  portraitsFace: 0
  setSayDialog: {fileID: 0}
  description: 
  Identifier: 
  ProxiedIdentifier: You_S4_proxy
--- !u!1 &1221417069
GameObject:
  m_ObjectHideFlags: 0
  m_PrefabParentObject: {fileID: 148914, guid: 8a005a9e0713f4cc1b5ad29fb07657d3, type: 2}
  m_PrefabInternal: {fileID: 0}
  serializedVersion: 5
  m_Component:
  - component: {fileID: 1221417070}
  - component: {fileID: 1221417073}
  - component: {fileID: 1221417072}
  - component: {fileID: 1221417071}
  m_Layer: 5
  m_Name: Image
  m_TagString: Untagged
  m_Icon: {fileID: 0}
  m_NavMeshLayer: 0
  m_StaticEditorFlags: 0
  m_IsActive: 0
--- !u!224 &1221417070
RectTransform:
  m_ObjectHideFlags: 0
  m_PrefabParentObject: {fileID: 22448914, guid: 8a005a9e0713f4cc1b5ad29fb07657d3,
    type: 2}
  m_PrefabInternal: {fileID: 0}
  m_GameObject: {fileID: 1221417069}
  m_LocalRotation: {x: 0, y: 0, z: 0, w: 1}
  m_LocalPosition: {x: 0, y: 0, z: 0}
  m_LocalScale: {x: 1, y: 1, z: 1}
  m_Children: []
  m_Father: {fileID: 728080143}
  m_RootOrder: 1
  m_LocalEulerAnglesHint: {x: 0, y: 0, z: 0}
  m_AnchorMin: {x: 1, y: 0}
  m_AnchorMax: {x: 1, y: 0}
  m_AnchoredPosition: {x: -178.5, y: 263.13}
  m_SizeDelta: {x: 357, y: 435}
  m_Pivot: {x: 0.5, y: 0.5}
--- !u!114 &1221417071
MonoBehaviour:
  m_ObjectHideFlags: 0
  m_PrefabParentObject: {fileID: 11439142, guid: 8a005a9e0713f4cc1b5ad29fb07657d3,
    type: 2}
  m_PrefabInternal: {fileID: 0}
  m_GameObject: {fileID: 1221417069}
  m_Enabled: 1
  m_EditorHideFlags: 0
  m_Script: {fileID: 1679637790, guid: f5f67c52d1564df4a8936ccd202a3bd8, type: 3}
  m_Name: 
  m_EditorClassIdentifier: 
  m_IgnoreLayout: 0
  m_MinWidth: -1
  m_MinHeight: -1
  m_PreferredWidth: 350
  m_PreferredHeight: 350
  m_FlexibleWidth: -1
  m_FlexibleHeight: -1
--- !u!114 &1221417072
MonoBehaviour:
  m_ObjectHideFlags: 0
  m_PrefabParentObject: {fileID: 11448914, guid: 8a005a9e0713f4cc1b5ad29fb07657d3,
    type: 2}
  m_PrefabInternal: {fileID: 0}
  m_GameObject: {fileID: 1221417069}
  m_Enabled: 1
  m_EditorHideFlags: 0
  m_Script: {fileID: -765806418, guid: f5f67c52d1564df4a8936ccd202a3bd8, type: 3}
  m_Name: 
  m_EditorClassIdentifier: 
  m_Material: {fileID: 0}
  m_Color: {r: 1, g: 1, b: 1, a: 1}
  m_RaycastTarget: 1
  m_OnCullStateChanged:
    m_PersistentCalls:
      m_Calls: []
    m_TypeName: UnityEngine.UI.MaskableGraphic+CullStateChangedEvent, UnityEngine.UI,
      Version=1.0.0.0, Culture=neutral, PublicKeyToken=null
  m_Sprite: {fileID: 21300000, guid: ea8f56c43254d41728f5ac4e8299b6c9, type: 3}
  m_Type: 0
  m_PreserveAspect: 1
  m_FillCenter: 1
  m_FillMethod: 4
  m_FillAmount: 1
  m_FillClockwise: 1
  m_FillOrigin: 0
--- !u!222 &1221417073
CanvasRenderer:
  m_ObjectHideFlags: 0
  m_PrefabParentObject: {fileID: 22248914, guid: 8a005a9e0713f4cc1b5ad29fb07657d3,
    type: 2}
  m_PrefabInternal: {fileID: 0}
  m_GameObject: {fileID: 1221417069}
--- !u!1 &1339491249
GameObject:
  m_ObjectHideFlags: 0
  m_PrefabParentObject: {fileID: 188898, guid: 8a005a9e0713f4cc1b5ad29fb07657d3, type: 2}
  m_PrefabInternal: {fileID: 0}
  serializedVersion: 5
  m_Component:
  - component: {fileID: 1339491250}
  - component: {fileID: 1339491252}
  - component: {fileID: 1339491251}
  m_Layer: 5
  m_Name: NameText
  m_TagString: Untagged
  m_Icon: {fileID: 0}
  m_NavMeshLayer: 0
  m_StaticEditorFlags: 0
  m_IsActive: 1
--- !u!224 &1339491250
RectTransform:
  m_ObjectHideFlags: 0
  m_PrefabParentObject: {fileID: 22488894, guid: 8a005a9e0713f4cc1b5ad29fb07657d3,
    type: 2}
  m_PrefabInternal: {fileID: 0}
  m_GameObject: {fileID: 1339491249}
  m_LocalRotation: {x: 0, y: 0, z: 0, w: 1}
  m_LocalPosition: {x: 0, y: 0, z: 0}
  m_LocalScale: {x: 1, y: 1, z: 1}
  m_Children: []
  m_Father: {fileID: 728080143}
  m_RootOrder: 0
  m_LocalEulerAnglesHint: {x: 0, y: 0, z: 0}
  m_AnchorMin: {x: 0, y: 1}
  m_AnchorMax: {x: 0, y: 1}
  m_AnchoredPosition: {x: 586.5, y: -38.369995}
  m_SizeDelta: {x: 1106, y: 71}
  m_Pivot: {x: 0.5, y: 0.5}
--- !u!114 &1339491251
MonoBehaviour:
  m_ObjectHideFlags: 0
  m_PrefabParentObject: {fileID: 11488900, guid: 8a005a9e0713f4cc1b5ad29fb07657d3,
    type: 2}
  m_PrefabInternal: {fileID: 0}
  m_GameObject: {fileID: 1339491249}
  m_Enabled: 1
  m_EditorHideFlags: 0
  m_Script: {fileID: 708705254, guid: f5f67c52d1564df4a8936ccd202a3bd8, type: 3}
  m_Name: 
  m_EditorClassIdentifier: 
  m_Material: {fileID: 0}
  m_Color: {r: 0.25882354, g: 0.25490198, b: 0.2627451, a: 1}
  m_RaycastTarget: 1
  m_OnCullStateChanged:
    m_PersistentCalls:
      m_Calls: []
    m_TypeName: UnityEngine.UI.MaskableGraphic+CullStateChangedEvent, UnityEngine.UI,
      Version=1.0.0.0, Culture=neutral, PublicKeyToken=null
  m_FontData:
    m_Font: {fileID: 12800000, guid: bb145366ce7024469a5758b08d31802c, type: 3}
    m_FontSize: 50
    m_FontStyle: 0
    m_BestFit: 0
    m_MinSize: 10
    m_MaxSize: 50
    m_Alignment: 3
    m_AlignByGeometry: 0
    m_RichText: 1
    m_HorizontalOverflow: 1
    m_VerticalOverflow: 0
    m_LineSpacing: 1
  m_Text: Character Name
--- !u!222 &1339491252
CanvasRenderer:
  m_ObjectHideFlags: 0
  m_PrefabParentObject: {fileID: 22288898, guid: 8a005a9e0713f4cc1b5ad29fb07657d3,
    type: 2}
  m_PrefabInternal: {fileID: 0}
  m_GameObject: {fileID: 1339491249}
--- !u!1 &1415250437
GameObject:
  m_ObjectHideFlags: 0
  m_PrefabParentObject: {fileID: 0}
  m_PrefabInternal: {fileID: 0}
  serializedVersion: 5
  m_Component:
  - component: {fileID: 1415250438}
  - component: {fileID: 1415250439}
  m_Layer: 0
  m_Name: PlayerCharacter
  m_TagString: Untagged
  m_Icon: {fileID: 0}
  m_NavMeshLayer: 0
  m_StaticEditorFlags: 0
  m_IsActive: 1
--- !u!4 &1415250438
Transform:
  m_ObjectHideFlags: 0
  m_PrefabParentObject: {fileID: 0}
  m_PrefabInternal: {fileID: 0}
  m_GameObject: {fileID: 1415250437}
  m_LocalRotation: {x: 0, y: 0, z: 0, w: 1}
  m_LocalPosition: {x: 0, y: 0, z: 0}
  m_LocalScale: {x: 1, y: 1, z: 1}
  m_Children: []
  m_Father: {fileID: 117893501}
  m_RootOrder: 0
  m_LocalEulerAnglesHint: {x: 0, y: 0, z: 0}
--- !u!114 &1415250439
MonoBehaviour:
  m_ObjectHideFlags: 0
  m_PrefabParentObject: {fileID: 0}
  m_PrefabInternal: {fileID: 0}
  m_GameObject: {fileID: 1415250437}
  m_Enabled: 1
  m_EditorHideFlags: 0
  m_Script: {fileID: 11500000, guid: e71ab1bf1246b4acc85b02c1b7a1cb70, type: 3}
  m_Name: 
  m_EditorClassIdentifier: 
  nameText: "E\x10MILY"
  nameColor: {r: 1, g: 1, b: 1, a: 1}
  soundEffect: {fileID: 0}
  portraits: []
  portraitsFace: 0
  setSayDialog: {fileID: 0}
  description: 
  Identifier: 
  ProxiedIdentifier: Liam_proxy
--- !u!1 &1460317211
GameObject:
  m_ObjectHideFlags: 0
  m_PrefabParentObject: {fileID: 149266, guid: ffbd0831d997545eab75c364da082c1b, type: 2}
  m_PrefabInternal: {fileID: 0}
  serializedVersion: 5
  m_Component:
  - component: {fileID: 1460317213}
  - component: {fileID: 1460317212}
  m_Layer: 0
  m_Name: Localization
  m_TagString: Untagged
  m_Icon: {fileID: 0}
  m_NavMeshLayer: 0
  m_StaticEditorFlags: 0
  m_IsActive: 1
--- !u!114 &1460317212
MonoBehaviour:
  m_ObjectHideFlags: 0
  m_PrefabParentObject: {fileID: 11438504, guid: ffbd0831d997545eab75c364da082c1b,
    type: 2}
  m_PrefabInternal: {fileID: 0}
  m_GameObject: {fileID: 1460317211}
  m_Enabled: 1
  m_EditorHideFlags: 0
  m_Script: {fileID: 11500000, guid: e5724422a635e425bae0af9ffe2615d6, type: 3}
  m_Name: 
  m_EditorClassIdentifier: 
  activeLanguage: 
  localizationFile: {fileID: 0}
--- !u!4 &1460317213
Transform:
  m_ObjectHideFlags: 0
  m_PrefabParentObject: {fileID: 480768, guid: ffbd0831d997545eab75c364da082c1b, type: 2}
  m_PrefabInternal: {fileID: 0}
  m_GameObject: {fileID: 1460317211}
  m_LocalRotation: {x: 0, y: 0, z: 0, w: 1}
  m_LocalPosition: {x: 0, y: 0, z: 0}
  m_LocalScale: {x: 1, y: 1, z: 1}
  m_Children: []
  m_Father: {fileID: 0}
  m_RootOrder: 2
  m_LocalEulerAnglesHint: {x: 0, y: 0, z: 0}
--- !u!1 &1688957025
GameObject:
  m_ObjectHideFlags: 0
  m_PrefabParentObject: {fileID: 0}
  m_PrefabInternal: {fileID: 1112349135}
  serializedVersion: 5
  m_Component:
  - component: {fileID: 1688957026}
  m_Layer: 0
  m_Name: Missing Prefab
  m_TagString: Untagged
  m_Icon: {fileID: 0}
  m_NavMeshLayer: 0
  m_StaticEditorFlags: 0
  m_IsActive: 1
--- !u!4 &1688957026
Transform:
  m_ObjectHideFlags: 0
  m_PrefabParentObject: {fileID: 0}
  m_PrefabInternal: {fileID: 1112349135}
  m_GameObject: {fileID: 1688957025}
  m_LocalRotation: {x: 0, y: 0, z: 0, w: 1}
  m_LocalPosition: {x: 0, y: 0, z: 0}
  m_LocalScale: {x: 1, y: 1, z: 1}
  m_Children: []
  m_Father: {fileID: 0}
  m_RootOrder: 0
  m_LocalEulerAnglesHint: {x: 0, y: 0, z: 0}
--- !u!1 &1710321489
GameObject:
  m_ObjectHideFlags: 0
  m_PrefabParentObject: {fileID: 188894, guid: 8a005a9e0713f4cc1b5ad29fb07657d3, type: 2}
  m_PrefabInternal: {fileID: 0}
  serializedVersion: 5
  m_Component:
  - component: {fileID: 1710321490}
  - component: {fileID: 1710321493}
  - component: {fileID: 1710321492}
  - component: {fileID: 1710321491}
  m_Layer: 5
  m_Name: StoryText
  m_TagString: Untagged
  m_Icon: {fileID: 0}
  m_NavMeshLayer: 0
  m_StaticEditorFlags: 0
  m_IsActive: 1
--- !u!224 &1710321490
RectTransform:
  m_ObjectHideFlags: 0
  m_PrefabParentObject: {fileID: 22488896, guid: 8a005a9e0713f4cc1b5ad29fb07657d3,
    type: 2}
  m_PrefabInternal: {fileID: 0}
  m_GameObject: {fileID: 1710321489}
  m_LocalRotation: {x: 0, y: 0, z: 0, w: 1}
  m_LocalPosition: {x: 0, y: 0, z: 0}
  m_LocalScale: {x: 1, y: 1, z: 1}
  m_Children:
  - {fileID: 35074330}
  m_Father: {fileID: 728080143}
  m_RootOrder: 2
  m_LocalEulerAnglesHint: {x: 0, y: 0, z: 0}
  m_AnchorMin: {x: 0, y: 0}
  m_AnchorMax: {x: 1, y: 0.78700006}
  m_AnchoredPosition: {x: 3, y: 14.130005}
  m_SizeDelta: {x: -61, y: -63}
  m_Pivot: {x: 0.5, y: 0.5}
--- !u!114 &1710321491
MonoBehaviour:
  m_ObjectHideFlags: 0
  m_PrefabParentObject: {fileID: 11439138, guid: 8a005a9e0713f4cc1b5ad29fb07657d3,
    type: 2}
  m_PrefabInternal: {fileID: 0}
  m_GameObject: {fileID: 1710321489}
  m_Enabled: 1
  m_EditorHideFlags: 0
  m_Script: {fileID: 1679637790, guid: f5f67c52d1564df4a8936ccd202a3bd8, type: 3}
  m_Name: 
  m_EditorClassIdentifier: 
  m_IgnoreLayout: 0
  m_MinWidth: -1
  m_MinHeight: -1
  m_PreferredWidth: 1150
  m_PreferredHeight: 200
  m_FlexibleWidth: 1
  m_FlexibleHeight: -1
--- !u!114 &1710321492
MonoBehaviour:
  m_ObjectHideFlags: 0
  m_PrefabParentObject: {fileID: 11488896, guid: 8a005a9e0713f4cc1b5ad29fb07657d3,
    type: 2}
  m_PrefabInternal: {fileID: 0}
  m_GameObject: {fileID: 1710321489}
  m_Enabled: 1
  m_EditorHideFlags: 0
  m_Script: {fileID: 708705254, guid: f5f67c52d1564df4a8936ccd202a3bd8, type: 3}
  m_Name: 
  m_EditorClassIdentifier: 
  m_Material: {fileID: 0}
  m_Color: {r: 1, g: 1, b: 1, a: 1}
  m_RaycastTarget: 1
  m_OnCullStateChanged:
    m_PersistentCalls:
      m_Calls: []
    m_TypeName: UnityEngine.UI.MaskableGraphic+CullStateChangedEvent, UnityEngine.UI,
      Version=1.0.0.0, Culture=neutral, PublicKeyToken=null
  m_FontData:
    m_Font: {fileID: 12800000, guid: 79197ecfbc3a4294a89ce589dac02cf2, type: 3}
    m_FontSize: 45
    m_FontStyle: 0
    m_BestFit: 0
    m_MinSize: 4
    m_MaxSize: 50
    m_Alignment: 0
    m_AlignByGeometry: 0
    m_RichText: 1
    m_HorizontalOverflow: 0
    m_VerticalOverflow: 0
    m_LineSpacing: 1
  m_Text: Story text
--- !u!222 &1710321493
CanvasRenderer:
  m_ObjectHideFlags: 0
  m_PrefabParentObject: {fileID: 22288894, guid: 8a005a9e0713f4cc1b5ad29fb07657d3,
    type: 2}
  m_PrefabInternal: {fileID: 0}
  m_GameObject: {fileID: 1710321489}
--- !u!1 &1749590448
GameObject:
  m_ObjectHideFlags: 0
  m_PrefabParentObject: {fileID: 0}
  m_PrefabInternal: {fileID: 0}
  serializedVersion: 5
  m_Component:
  - component: {fileID: 1749590449}
  - component: {fileID: 1749590453}
  - component: {fileID: 1749590452}
  - component: {fileID: 1749590451}
  - component: {fileID: 1749590450}
  m_Layer: 0
  m_Name: Camera
  m_TagString: Untagged
  m_Icon: {fileID: 0}
  m_NavMeshLayer: 0
  m_StaticEditorFlags: 0
  m_IsActive: 1
--- !u!4 &1749590449
Transform:
  m_ObjectHideFlags: 0
  m_PrefabParentObject: {fileID: 0}
  m_PrefabInternal: {fileID: 0}
  m_GameObject: {fileID: 1749590448}
  m_LocalRotation: {x: 0, y: 0, z: 0, w: 1}
  m_LocalPosition: {x: 0, y: 0, z: 0}
  m_LocalScale: {x: 1, y: 1, z: 1}
  m_Children: []
  m_Father: {fileID: 324066716}
  m_RootOrder: 0
  m_LocalEulerAnglesHint: {x: 0, y: 0, z: 0}
--- !u!81 &1749590450
AudioListener:
  m_ObjectHideFlags: 0
  m_PrefabParentObject: {fileID: 0}
  m_PrefabInternal: {fileID: 0}
  m_GameObject: {fileID: 1749590448}
  m_Enabled: 1
--- !u!92 &1749590451
Behaviour:
  m_ObjectHideFlags: 0
  m_PrefabParentObject: {fileID: 0}
  m_PrefabInternal: {fileID: 0}
  m_GameObject: {fileID: 1749590448}
  m_Enabled: 1
--- !u!124 &1749590452
Behaviour:
  m_ObjectHideFlags: 0
  m_PrefabParentObject: {fileID: 0}
  m_PrefabInternal: {fileID: 0}
  m_GameObject: {fileID: 1749590448}
  m_Enabled: 1
--- !u!20 &1749590453
Camera:
  m_ObjectHideFlags: 0
  m_PrefabParentObject: {fileID: 0}
  m_PrefabInternal: {fileID: 0}
  m_GameObject: {fileID: 1749590448}
  m_Enabled: 1
  serializedVersion: 2
  m_ClearFlags: 3
  m_BackGroundColor: {r: 0.19215687, g: 0.3019608, b: 0.4745098, a: 0}
  m_NormalizedViewPortRect:
    serializedVersion: 2
    x: 0
    y: 0
    width: 1
    height: 1
  near clip plane: 0.3
  far clip plane: 1000
  field of view: 60
  orthographic: 1
  orthographic size: 5
  m_Depth: 1
  m_CullingMask:
    serializedVersion: 2
    m_Bits: 16
  m_RenderingPath: -1
  m_TargetTexture: {fileID: 0}
  m_TargetDisplay: 0
  m_TargetEye: 3
  m_HDR: 0
  m_OcclusionCulling: 1
  m_StereoConvergence: 10
  m_StereoSeparation: 0.022
  m_StereoMirrorMode: 0
--- !u!1 &2044261874
GameObject:
  m_ObjectHideFlags: 0
  m_PrefabParentObject: {fileID: 0}
  m_PrefabInternal: {fileID: 0}
  serializedVersion: 5
  m_Component:
  - component: {fileID: 2044261875}
  m_Layer: 0
  m_Name: GameObject
  m_TagString: Untagged
  m_Icon: {fileID: 0}
  m_NavMeshLayer: 0
  m_StaticEditorFlags: 0
  m_IsActive: 1
--- !u!4 &2044261875
Transform:
  m_ObjectHideFlags: 0
  m_PrefabParentObject: {fileID: 0}
  m_PrefabInternal: {fileID: 0}
  m_GameObject: {fileID: 2044261874}
  m_LocalRotation: {x: 0, y: 0, z: 0, w: 1}
  m_LocalPosition: {x: -0.42975715, y: 1.5410206, z: 0.0126953125}
  m_LocalScale: {x: 1, y: 1, z: 1}
  m_Children: []
  m_Father: {fileID: 0}
  m_RootOrder: 10
  m_LocalEulerAnglesHint: {x: 0, y: 0, z: 0}
--- !u!1 &2091474587
GameObject:
  m_ObjectHideFlags: 0
  m_PrefabParentObject: {fileID: 100000, guid: e0d427add844a4d9faf970a3afa07583, type: 2}
  m_PrefabInternal: {fileID: 0}
  serializedVersion: 5
  m_Component:
  - component: {fileID: 2091474589}
  - component: {fileID: 2091474588}
  m_Layer: 0
  m_Name: View
  m_TagString: Untagged
  m_Icon: {fileID: 5721338939258241955, guid: 0000000000000000d000000000000000, type: 0}
  m_NavMeshLayer: 0
  m_StaticEditorFlags: 0
  m_IsActive: 1
--- !u!114 &2091474588
MonoBehaviour:
  m_ObjectHideFlags: 0
  m_PrefabParentObject: {fileID: 11400000, guid: e0d427add844a4d9faf970a3afa07583,
    type: 2}
  m_PrefabInternal: {fileID: 0}
  m_GameObject: {fileID: 2091474587}
  m_Enabled: 1
  m_EditorHideFlags: 0
  m_Script: {fileID: 11500000, guid: 95c387d3e32404bcc91c60318d766bb1, type: 3}
  m_Name: 
  m_EditorClassIdentifier: 
  viewSize: 4.22
  iPadviewSize: 0.5
  primaryAspectRatio: {x: 2, y: 3}
  secondaryAspectRatio: {x: 2, y: 3}
--- !u!4 &2091474589
Transform:
  m_ObjectHideFlags: 0
  m_PrefabParentObject: {fileID: 400000, guid: e0d427add844a4d9faf970a3afa07583, type: 2}
  m_PrefabInternal: {fileID: 0}
  m_GameObject: {fileID: 2091474587}
  m_LocalRotation: {x: 0, y: 0, z: 0, w: 1}
  m_LocalPosition: {x: 0, y: 0, z: 0}
  m_LocalScale: {x: 1, y: 1, z: 1}
  m_Children: []
  m_Father: {fileID: 0}
  m_RootOrder: 4
  m_LocalEulerAnglesHint: {x: 0, y: 0, z: 0}
--- !u!1 &2136534484
GameObject:
  m_ObjectHideFlags: 1
  m_PrefabParentObject: {fileID: 0}
  m_PrefabInternal: {fileID: 0}
  serializedVersion: 5
  m_Component:
  - component: {fileID: 2136534486}
  - component: {fileID: 2136534485}
  m_Layer: 0
  m_Name: _FungusState
  m_TagString: Untagged
  m_Icon: {fileID: 0}
  m_NavMeshLayer: 0
  m_StaticEditorFlags: 0
  m_IsActive: 1
--- !u!114 &2136534485
MonoBehaviour:
  m_ObjectHideFlags: 1
  m_PrefabParentObject: {fileID: 0}
  m_PrefabInternal: {fileID: 0}
  m_GameObject: {fileID: 2136534484}
  m_Enabled: 1
  m_EditorHideFlags: 0
  m_Script: {fileID: 11500000, guid: 61dddfdc5e0e44ca298d8f46f7f5a915, type: 3}
  m_Name: 
  m_EditorClassIdentifier: 
  selectedFlowchart: {fileID: 235892250}
--- !u!4 &2136534486
Transform:
  m_ObjectHideFlags: 1
  m_PrefabParentObject: {fileID: 0}
  m_PrefabInternal: {fileID: 0}
  m_GameObject: {fileID: 2136534484}
  m_LocalRotation: {x: 0, y: 0, z: 0, w: 1}
  m_LocalPosition: {x: 0, y: 0, z: 0}
  m_LocalScale: {x: 1, y: 1, z: 1}
  m_Children: []
  m_Father: {fileID: 0}
  m_RootOrder: 7
  m_LocalEulerAnglesHint: {x: 0, y: 0, z: 0}
